

<ns0:record xmlns:ns0="http://www.loc.gov/MARC21/slim">
  <ns0:controlfield tag="000">00000nam a2200025#a ||||</ns0:controlfield>
  <ns0:controlfield tag="001">4026084</ns0:controlfield>
  <ns0:controlfield tag="005">20250516162337.0</ns0:controlfield>
  <ns0:datafield tag="029" ind1=" " ind2=" ">
    <ns0:subfield code="a">JN</ns0:subfield>
    <ns0:subfield code="b">N2321154 E</ns0:subfield>
  </ns0:datafield>
  <ns0:datafield tag="035" ind1=" " ind2=" ">
    <ns0:subfield code="a">(DHL)1387568</ns0:subfield>
  </ns0:datafield>
  <ns0:datafield tag="039" ind1=" " ind2=" ">
    <ns0:subfield code="a">DHU</ns0:subfield>
  </ns0:datafield>
  <ns0:datafield tag="040" ind1=" " ind2=" ">
    <ns0:subfield code="a">NNUN</ns0:subfield>
    <ns0:subfield code="b">eng</ns0:subfield>
  </ns0:datafield>
  <ns0:datafield tag="041" ind1="0" ind2=" ">
    <ns0:subfield code="a">eng</ns0:subfield>
  </ns0:datafield>
  <ns0:datafield tag="049" ind1=" " ind2=" ">
    <ns0:subfield code="a">usa</ns0:subfield>
  </ns0:datafield>
  <ns0:datafield tag="089" ind1=" " ind2=" ">
    <ns0:subfield code="b">B02</ns0:subfield>
  </ns0:datafield>
  <ns0:datafield tag="091" ind1=" " ind2=" ">
    <ns0:subfield code="a">LTD</ns0:subfield>
  </ns0:datafield>
  <ns0:datafield tag="099" ind1=" " ind2=" ">
    <ns0:subfield code="a">UNH</ns0:subfield>
    <ns0:subfield code="b">DHU</ns0:subfield>
  </ns0:datafield>
  <ns0:datafield tag="191" ind1=" " ind2=" ">
    <ns0:subfield code="a">A/C.3/78/L.51</ns0:subfield>
    <ns0:subfield code="b">A/</ns0:subfield>
    <ns0:subfield code="c">78</ns0:subfield>
    <ns0:subfield code="9">G10</ns0:subfield>
    <ns0:subfield code="0">(DHLAUTH)933608</ns0:subfield>
  </ns0:datafield>
  <ns0:datafield tag="245" ind1="1" ind2="0">
    <ns0:subfield code="a">Strengthening the role of the United Nations in the promotion of democratization and enhancing periodic and genuine elections :</ns0:subfield>
    <ns0:subfield code="b">draft resolution /</ns0:subfield>
    <ns0:subfield code="c">Albania, Argentina, Austria, Belgium, Brazil, Canada, Chile, Costa Rica, Croatia, Cyprus, Czechia, Denmark, Dominican Republic, Estonia, Finland, France, Georgia, Germany, Greece, Iceland, Ireland, Italy, Japan, Latvia, Liberia, Lithuania, Luxembourg, Malta, Marshall Islands, Micronesia (Federated States of), Monaco, Montenegro, Netherlands (Kingdom of the), New Zealand, North Macedonia, Portugal, Republic of Moldova, Romania, Slovenia, Spain, Sweden, Switzerland, Ukraine, United Kingdom of Great Britain and Northern Ireland and United states of America</ns0:subfield>
  </ns0:datafield>
  <ns0:datafield tag="260" ind1=" " ind2=" ">
    <ns0:subfield code="a">[New York] :</ns0:subfield>
    <ns0:subfield code="b">UN,</ns0:subfield>
    <ns0:subfield code="c">31 Oct. 2023</ns0:subfield>
  </ns0:datafield>
  <ns0:datafield tag="269" ind1=" " ind2=" ">
    <ns0:subfield code="a">2023-10-31</ns0:subfield>
  </ns0:datafield>
  <ns0:datafield tag="300" ind1=" " ind2=" ">
    <ns0:subfield code="a">10 p.</ns0:subfield>
  </ns0:datafield>
  <ns0:datafield tag="515" ind1=" " ind2=" ">
    <ns0:subfield code="a">Additional sponsors: Andorra, Antigua and Barbuda, Armenia, Australia, Bahamas, Bosnia and Herzegovina, Bulgaria, Colombia, Côte d'Ivoire, Ecuador, El Salvador, Guatemala, Haiti, Honduras, India, Israel, Liechtenstein, Mexico, Mongolia, Morocco, Myanmar, Norway, Palau, Peru, Philippines, Poland, Republic of Korea, San Marino, Serbia, Slovakia and Thailand (A/78/481/Add.2).</ns0:subfield>
  </ns0:datafield>
  <ns0:datafield tag="610" ind1="2" ind2="7">
    <ns0:subfield code="a">UN. Electoral Assistance Division</ns0:subfield>
    <ns0:subfield code="2">unbisn</ns0:subfield>
    <ns0:subfield code="0">(DHLAUTH)249896</ns0:subfield>
  </ns0:datafield>
  <ns0:datafield tag="650" ind1="1" ind2="7">
    <ns0:subfield code="a">ELECTIONS</ns0:subfield>
    <ns0:subfield code="2">unbist</ns0:subfield>
    <ns0:subfield code="0">(DHLAUTH)268341</ns0:subfield>
  </ns0:datafield>
  <ns0:datafield tag="650" ind1="1" ind2="7">
    <ns0:subfield code="a">ELECTION VERIFICATION</ns0:subfield>
    <ns0:subfield code="2">unbist</ns0:subfield>
    <ns0:subfield code="0">(DHLAUTH)268343</ns0:subfield>
  </ns0:datafield>
  <ns0:datafield tag="650" ind1="1" ind2="7">
    <ns0:subfield code="a">DEMOCRATIZATION</ns0:subfield>
    <ns0:subfield code="2">unbist</ns0:subfield>
    <ns0:subfield code="0">(DHLAUTH)276569</ns0:subfield>
  </ns0:datafield>
  <ns0:datafield tag="650" ind1="1" ind2="7">
    <ns0:subfield code="a">ADVISORY SERVICES</ns0:subfield>
    <ns0:subfield code="2">unbist</ns0:subfield>
    <ns0:subfield code="0">(DHLAUTH)269860</ns0:subfield>
  </ns0:datafield>
  <ns0:datafield tag="650" ind1="1" ind2="7">
    <ns0:subfield code="a">TECHNICAL COOPERATION</ns0:subfield>
    <ns0:subfield code="2">unbist</ns0:subfield>
    <ns0:subfield code="0">(DHLAUTH)268658</ns0:subfield>
  </ns0:datafield>
  <ns0:datafield tag="650" ind1="1" ind2="7">
    <ns0:subfield code="a">COOPERATION BETWEEN ORGANIZATIONS</ns0:subfield>
    <ns0:subfield code="2">unbist</ns0:subfield>
    <ns0:subfield code="0">(DHLAUTH)268652</ns0:subfield>
  </ns0:datafield>
  <ns0:datafield tag="710" ind1="2" ind2=" ">
    <ns0:subfield code="a">Albania</ns0:subfield>
    <ns0:subfield code="0">(DHLAUTH)103802</ns0:subfield>
  </ns0:datafield>
  <ns0:datafield tag="710" ind1="2" ind2=" ">
    <ns0:subfield code="a">Argentina</ns0:subfield>
    <ns0:subfield code="0">(DHLAUTH)71947</ns0:subfield>
  </ns0:datafield>
  <ns0:datafield tag="710" ind1="2" ind2=" ">
    <ns0:subfield code="a">Belgium</ns0:subfield>
    <ns0:subfield code="0">(DHLAUTH)58943</ns0:subfield>
  </ns0:datafield>
  <ns0:datafield tag="710" ind1="2" ind2=" ">
    <ns0:subfield code="a">Austria</ns0:subfield>
    <ns0:subfield code="0">(DHLAUTH)71959</ns0:subfield>
  </ns0:datafield>
  <ns0:datafield tag="710" ind1="2" ind2=" ">
    <ns0:subfield code="a">Brazil</ns0:subfield>
    <ns0:subfield code="0">(DHLAUTH)59069</ns0:subfield>
  </ns0:datafield>
  <ns0:datafield tag="710" ind1="2" ind2=" ">
    <ns0:subfield code="a">Canada</ns0:subfield>
    <ns0:subfield code="0">(DHLAUTH)202233</ns0:subfield>
  </ns0:datafield>
  <ns0:datafield tag="710" ind1="2" ind2=" ">
    <ns0:subfield code="a">Chile</ns0:subfield>
    <ns0:subfield code="0">(DHLAUTH)72077</ns0:subfield>
  </ns0:datafield>
  <ns0:datafield tag="710" ind1="2" ind2=" ">
    <ns0:subfield code="a">Costa Rica</ns0:subfield>
    <ns0:subfield code="0">(DHLAUTH)72125</ns0:subfield>
  </ns0:datafield>
  <ns0:datafield tag="710" ind1="2" ind2=" ">
    <ns0:subfield code="a">Cyprus</ns0:subfield>
    <ns0:subfield code="0">(DHLAUTH)72141</ns0:subfield>
  </ns0:datafield>
  <ns0:datafield tag="710" ind1="2" ind2=" ">
    <ns0:subfield code="a">Croatia</ns0:subfield>
    <ns0:subfield code="0">(DHLAUTH)202559</ns0:subfield>
  </ns0:datafield>
  <ns0:datafield tag="710" ind1="2" ind2=" ">
    <ns0:subfield code="a">Czechia</ns0:subfield>
    <ns0:subfield code="0">(DHLAUTH)880037</ns0:subfield>
  </ns0:datafield>
  <ns0:datafield tag="710" ind1="2" ind2=" ">
    <ns0:subfield code="a">Denmark</ns0:subfield>
    <ns0:subfield code="0">(DHLAUTH)72159</ns0:subfield>
  </ns0:datafield>
  <ns0:datafield tag="710" ind1="2" ind2=" ">
    <ns0:subfield code="a">Dominican Republic</ns0:subfield>
    <ns0:subfield code="0">(DHLAUTH)39679</ns0:subfield>
  </ns0:datafield>
  <ns0:datafield tag="710" ind1="2" ind2=" ">
    <ns0:subfield code="a">Estonia</ns0:subfield>
    <ns0:subfield code="0">(DHLAUTH)190285</ns0:subfield>
  </ns0:datafield>
  <ns0:datafield tag="710" ind1="2" ind2=" ">
    <ns0:subfield code="a">Finland</ns0:subfield>
    <ns0:subfield code="0">(DHLAUTH)59983</ns0:subfield>
  </ns0:datafield>
  <ns0:datafield tag="710" ind1="2" ind2=" ">
    <ns0:subfield code="a">France</ns0:subfield>
    <ns0:subfield code="0">(DHLAUTH)60043</ns0:subfield>
  </ns0:datafield>
  <ns0:datafield tag="710" ind1="2" ind2=" ">
    <ns0:subfield code="a">Georgia</ns0:subfield>
    <ns0:subfield code="0">(DHLAUTH)147846</ns0:subfield>
  </ns0:datafield>
  <ns0:datafield tag="710" ind1="2" ind2=" ">
    <ns0:subfield code="a">Germany</ns0:subfield>
    <ns0:subfield code="0">(DHLAUTH)72242</ns0:subfield>
  </ns0:datafield>
  <ns0:datafield tag="710" ind1="2" ind2=" ">
    <ns0:subfield code="a">Greece</ns0:subfield>
    <ns0:subfield code="0">(DHLAUTH)72263</ns0:subfield>
  </ns0:datafield>
  <ns0:datafield tag="710" ind1="2" ind2=" ">
    <ns0:subfield code="a">Iceland</ns0:subfield>
    <ns0:subfield code="0">(DHLAUTH)72299</ns0:subfield>
  </ns0:datafield>
  <ns0:datafield tag="710" ind1="2" ind2=" ">
    <ns0:subfield code="a">Ireland</ns0:subfield>
    <ns0:subfield code="0">(DHLAUTH)72475</ns0:subfield>
  </ns0:datafield>
  <ns0:datafield tag="710" ind1="2" ind2=" ">
    <ns0:subfield code="a">Italy</ns0:subfield>
    <ns0:subfield code="0">(DHLAUTH)72483</ns0:subfield>
  </ns0:datafield>
  <ns0:datafield tag="710" ind1="2" ind2=" ">
    <ns0:subfield code="a">Japan</ns0:subfield>
    <ns0:subfield code="0">(DHLAUTH)39853</ns0:subfield>
  </ns0:datafield>
  <ns0:datafield tag="710" ind1="2" ind2=" ">
    <ns0:subfield code="a">Latvia</ns0:subfield>
    <ns0:subfield code="0">(DHLAUTH)190275</ns0:subfield>
  </ns0:datafield>
  <ns0:datafield tag="710" ind1="2" ind2=" ">
    <ns0:subfield code="a">Liberia</ns0:subfield>
    <ns0:subfield code="0">(DHLAUTH)72549</ns0:subfield>
  </ns0:datafield>
  <ns0:datafield tag="710" ind1="2" ind2=" ">
    <ns0:subfield code="a">Lithuania</ns0:subfield>
    <ns0:subfield code="0">(DHLAUTH)190293</ns0:subfield>
  </ns0:datafield>
  <ns0:datafield tag="710" ind1="2" ind2=" ">
    <ns0:subfield code="a">Luxembourg</ns0:subfield>
    <ns0:subfield code="0">(DHLAUTH)39895</ns0:subfield>
  </ns0:datafield>
  <ns0:datafield tag="710" ind1="2" ind2=" ">
    <ns0:subfield code="a">Malta</ns0:subfield>
    <ns0:subfield code="0">(DHLAUTH)72563</ns0:subfield>
  </ns0:datafield>
  <ns0:datafield tag="710" ind1="2" ind2=" ">
    <ns0:subfield code="a">Marshall Islands</ns0:subfield>
    <ns0:subfield code="0">(DHLAUTH)146542</ns0:subfield>
  </ns0:datafield>
  <ns0:datafield tag="710" ind1="2" ind2=" ">
    <ns0:subfield code="a">Micronesia (Federated States of)</ns0:subfield>
    <ns0:subfield code="0">(DHLAUTH)78054</ns0:subfield>
  </ns0:datafield>
  <ns0:datafield tag="710" ind1="2" ind2=" ">
    <ns0:subfield code="a">Monaco</ns0:subfield>
    <ns0:subfield code="0">(DHLAUTH)239876</ns0:subfield>
  </ns0:datafield>
  <ns0:datafield tag="710" ind1="2" ind2=" ">
    <ns0:subfield code="a">Montenegro</ns0:subfield>
    <ns0:subfield code="0">(DHLAUTH)709795</ns0:subfield>
  </ns0:datafield>
  <ns0:datafield tag="710" ind1="2" ind2=" ">
    <ns0:subfield code="a">Netherlands (Kingdom of the)</ns0:subfield>
    <ns0:subfield code="0">(DHLAUTH)935619</ns0:subfield>
  </ns0:datafield>
  <ns0:datafield tag="710" ind1="2" ind2=" ">
    <ns0:subfield code="a">New Zealand</ns0:subfield>
    <ns0:subfield code="0">(DHLAUTH)39937</ns0:subfield>
  </ns0:datafield>
  <ns0:datafield tag="710" ind1="2" ind2=" ">
    <ns0:subfield code="a">North Macedonia</ns0:subfield>
    <ns0:subfield code="0">(DHLAUTH)898082</ns0:subfield>
  </ns0:datafield>
  <ns0:datafield tag="710" ind1="2" ind2=" ">
    <ns0:subfield code="a">Republic of Moldova</ns0:subfield>
    <ns0:subfield code="0">(DHLAUTH)139584</ns0:subfield>
  </ns0:datafield>
  <ns0:datafield tag="710" ind1="2" ind2=" ">
    <ns0:subfield code="a">Portugal</ns0:subfield>
    <ns0:subfield code="0">(DHLAUTH)40035</ns0:subfield>
  </ns0:datafield>
  <ns0:datafield tag="710" ind1="2" ind2=" ">
    <ns0:subfield code="a">Romania</ns0:subfield>
    <ns0:subfield code="0">(DHLAUTH)40047</ns0:subfield>
  </ns0:datafield>
  <ns0:datafield tag="710" ind1="2" ind2=" ">
    <ns0:subfield code="a">Slovenia</ns0:subfield>
    <ns0:subfield code="0">(DHLAUTH)202569</ns0:subfield>
  </ns0:datafield>
  <ns0:datafield tag="710" ind1="2" ind2=" ">
    <ns0:subfield code="a">Spain</ns0:subfield>
    <ns0:subfield code="0">(DHLAUTH)72857</ns0:subfield>
  </ns0:datafield>
  <ns0:datafield tag="710" ind1="2" ind2=" ">
    <ns0:subfield code="a">Sweden</ns0:subfield>
    <ns0:subfield code="0">(DHLAUTH)72871</ns0:subfield>
  </ns0:datafield>
  <ns0:datafield tag="710" ind1="2" ind2=" ">
    <ns0:subfield code="a">Switzerland</ns0:subfield>
    <ns0:subfield code="0">(DHLAUTH)72877</ns0:subfield>
  </ns0:datafield>
  <ns0:datafield tag="710" ind1="2" ind2=" ">
    <ns0:subfield code="a">Ukraine</ns0:subfield>
    <ns0:subfield code="0">(DHLAUTH)28897</ns0:subfield>
  </ns0:datafield>
  <ns0:datafield tag="710" ind1="2" ind2=" ">
    <ns0:subfield code="a">United States</ns0:subfield>
    <ns0:subfield code="0">(DHLAUTH)28824</ns0:subfield>
  </ns0:datafield>
  <ns0:datafield tag="710" ind1="2" ind2=" ">
    <ns0:subfield code="a">United Kingdom</ns0:subfield>
    <ns0:subfield code="0">(DHLAUTH)28884</ns0:subfield>
  </ns0:datafield>
  <ns0:datafield tag="793" ind1=" " ind2=" ">
    <ns0:subfield code="a">03</ns0:subfield>
  </ns0:datafield>
  <ns0:datafield tag="856" ind1="4" ind2=" ">
    <ns0:subfield code="y">العربية</ns0:subfield>
    <ns0:subfield code="9">d848ee42-7a16-45e5-8c87-1b70090c1a97</ns0:subfield>
    <ns0:subfield code="s">397529</ns0:subfield>
    <ns0:subfield code="u">https://digitallibrary.un.org/record/4026084/files/A_C.3_78_L.51-AR.pdf</ns0:subfield>
  </ns0:datafield>
  <ns0:datafield tag="856" ind1="4" ind2=" ">
    <ns0:subfield code="y">中文</ns0:subfield>
    <ns0:subfield code="9">6e20bca9-f480-43bd-badb-b043ba63b722</ns0:subfield>
    <ns0:subfield code="s">458317</ns0:subfield>
    <ns0:subfield code="u">https://digitallibrary.un.org/record/4026084/files/A_C.3_78_L.51-ZH.pdf</ns0:subfield>
  </ns0:datafield>
  <ns0:datafield tag="856" ind1="4" ind2=" ">
    <ns0:subfield code="y">English</ns0:subfield>
    <ns0:subfield code="9">b6a7ad0b-c8a9-4392-b852-48537a2abd6a</ns0:subfield>
    <ns0:subfield code="s">274314</ns0:subfield>
    <ns0:subfield code="u">https://digitallibrary.un.org/record/4026084/files/A_C.3_78_L.51-EN.pdf</ns0:subfield>
  </ns0:datafield>
  <ns0:datafield tag="856" ind1="4" ind2=" ">
    <ns0:subfield code="y">Français</ns0:subfield>
    <ns0:subfield code="9">687b8f69-f00b-492d-bb5e-7c4028d84af3</ns0:subfield>
    <ns0:subfield code="s">267339</ns0:subfield>
    <ns0:subfield code="u">https://digitallibrary.un.org/record/4026084/files/A_C.3_78_L.51-FR.pdf</ns0:subfield>
  </ns0:datafield>
  <ns0:datafield tag="856" ind1="4" ind2=" ">
    <ns0:subfield code="y">Русский</ns0:subfield>
    <ns0:subfield code="9">ad7cf64b-f4d2-43ce-ab98-715235ddcce6</ns0:subfield>
    <ns0:subfield code="s">301935</ns0:subfield>
    <ns0:subfield code="u">https://digitallibrary.un.org/record/4026084/files/A_C.3_78_L.51-RU.pdf</ns0:subfield>
  </ns0:datafield>
  <ns0:datafield tag="856" ind1="4" ind2=" ">
    <ns0:subfield code="y">Español</ns0:subfield>
    <ns0:subfield code="9">fe10e94e-777f-4254-9155-b7fd6bb192fc</ns0:subfield>
    <ns0:subfield code="s">265584</ns0:subfield>
    <ns0:subfield code="u">https://digitallibrary.un.org/record/4026084/files/A_C.3_78_L.51-ES.pdf</ns0:subfield>
  </ns0:datafield>
  <ns0:datafield tag="930" ind1=" " ind2=" ">
    <ns0:subfield code="a">UNDNO23</ns0:subfield>
  </ns0:datafield>
  <ns0:datafield tag="980" ind1=" " ind2=" ">
    <ns0:subfield code="a">BIB</ns0:subfield>
  </ns0:datafield>
  <ns0:datafield tag="981" ind1=" " ind2=" ">
    <ns0:subfield code="a">General Assembly</ns0:subfield>
    <ns0:subfield code="b">3rd Committee</ns0:subfield>
  </ns0:datafield>
  <ns0:datafield tag="989" ind1=" " ind2=" ">
    <ns0:subfield code="a">Documents and Publications</ns0:subfield>
    <ns0:subfield code="b">Draft Resolutions and Decisions</ns0:subfield>
  </ns0:datafield>
  <ns0:datafield tag="991" ind1="1" ind2=" ">
    <ns0:subfield code="a">A/78/251</ns0:subfield>
    <ns0:subfield code="b">71b[20]</ns0:subfield>
    <ns0:subfield code="d">ELECTION VERIFICATION--UN</ns0:subfield>
    <ns0:subfield code="z">I</ns0:subfield>
    <ns0:subfield code="0">(DHLAUTH)934976</ns0:subfield>
  </ns0:datafield>
  <ns0:datafield tag="991" ind1="1" ind2=" ">
    <ns0:subfield code="a">A/78/251</ns0:subfield>
    <ns0:subfield code="b">71b</ns0:subfield>
    <ns0:subfield code="c">Human rights questions, including alternative approaches for improving the effective enjoyment of human rights and fundamental freedoms.</ns0:subfield>
    <ns0:subfield code="d">HUMAN RIGHTS ADVANCEMENT</ns0:subfield>
    <ns0:subfield code="0">(DHLAUTH)934963</ns0:subfield>
  </ns0:datafield>
  <ns0:datafield tag="993" ind1="1" ind2=" ">
    <ns0:subfield code="a">A/RES/78/208</ns0:subfield>
  </ns0:datafield>
  <ns0:datafield tag="993" ind1="3" ind2=" ">
    <ns0:subfield code="a">A/78/481/Add.2</ns0:subfield>
  </ns0:datafield>
  <ns0:datafield tag="999" ind1=" " ind2=" ">
    <ns0:subfield code="a">pnq20231107</ns0:subfield>
    <ns0:subfield code="b">20231107</ns0:subfield>
    <ns0:subfield code="c">q</ns0:subfield>
  </ns0:datafield>
  <ns0:datafield tag="999" ind1=" " ind2=" ">
    <ns0:subfield code="a">vvc20231107</ns0:subfield>
    <ns0:subfield code="b">20231107</ns0:subfield>
    <ns0:subfield code="c">c</ns0:subfield>
  </ns0:datafield>
  <ns0:datafield tag="999" ind1=" " ind2=" ">
    <ns0:subfield code="a">vwt20250516</ns0:subfield>
    <ns0:subfield code="b">20250516</ns0:subfield>
    <ns0:subfield code="c">t</ns0:subfield>
  </ns0:datafield>
</ns0:record>