

<ns0:record xmlns:ns0="http://www.loc.gov/MARC21/slim">
  <ns0:controlfield tag="000">00000nam a2200025#a ||||</ns0:controlfield>
  <ns0:controlfield tag="001">4022179</ns0:controlfield>
  <ns0:controlfield tag="005">20250516162006.0</ns0:controlfield>
  <ns0:datafield tag="029" ind1=" " ind2=" ">
    <ns0:subfield code="a">JN</ns0:subfield>
    <ns0:subfield code="b">N2318030 E</ns0:subfield>
  </ns0:datafield>
  <ns0:datafield tag="035" ind1=" " ind2=" ">
    <ns0:subfield code="a">(DHL)1384133</ns0:subfield>
  </ns0:datafield>
  <ns0:datafield tag="039" ind1=" " ind2=" ">
    <ns0:subfield code="a">DHU</ns0:subfield>
  </ns0:datafield>
  <ns0:datafield tag="040" ind1=" " ind2=" ">
    <ns0:subfield code="a">NNUN</ns0:subfield>
    <ns0:subfield code="b">eng</ns0:subfield>
  </ns0:datafield>
  <ns0:datafield tag="041" ind1="0" ind2=" ">
    <ns0:subfield code="a">eng</ns0:subfield>
  </ns0:datafield>
  <ns0:datafield tag="049" ind1=" " ind2=" ">
    <ns0:subfield code="a">usa</ns0:subfield>
  </ns0:datafield>
  <ns0:datafield tag="089" ind1=" " ind2=" ">
    <ns0:subfield code="b">B02</ns0:subfield>
  </ns0:datafield>
  <ns0:datafield tag="091" ind1=" " ind2=" ">
    <ns0:subfield code="a">LTD</ns0:subfield>
  </ns0:datafield>
  <ns0:datafield tag="099" ind1=" " ind2=" ">
    <ns0:subfield code="a">UNH</ns0:subfield>
    <ns0:subfield code="b">DHU</ns0:subfield>
  </ns0:datafield>
  <ns0:datafield tag="191" ind1=" " ind2=" ">
    <ns0:subfield code="a">A/C.3/78/L.4</ns0:subfield>
    <ns0:subfield code="b">A/</ns0:subfield>
    <ns0:subfield code="c">78</ns0:subfield>
    <ns0:subfield code="9">G10</ns0:subfield>
    <ns0:subfield code="0">(DHLAUTH)933608</ns0:subfield>
  </ns0:datafield>
  <ns0:datafield tag="245" ind1="1" ind2="0">
    <ns0:subfield code="a">Enhancing the contributions of the Commission on Crime Prevention and Criminal Justice to the accelerated implementation of the 2030 Agenda for Sustainable Development :</ns0:subfield>
    <ns0:subfield code="b">draft resolution /</ns0:subfield>
    <ns0:subfield code="c">submitted by the Chair on the recommendation of the Economic and Social Council (resolution 2023/25)</ns0:subfield>
  </ns0:datafield>
  <ns0:datafield tag="260" ind1=" " ind2=" ">
    <ns0:subfield code="a">[New York] :</ns0:subfield>
    <ns0:subfield code="b">UN,</ns0:subfield>
    <ns0:subfield code="c">19 Sept. 2023</ns0:subfield>
  </ns0:datafield>
  <ns0:datafield tag="269" ind1=" " ind2=" ">
    <ns0:subfield code="a">2023-09-19</ns0:subfield>
  </ns0:datafield>
  <ns0:datafield tag="300" ind1=" " ind2=" ">
    <ns0:subfield code="a">3 p.</ns0:subfield>
  </ns0:datafield>
  <ns0:datafield tag="610" ind1=" " ind2=" ">
    <ns0:subfield code="a">UN. Commission on Crime Prevention and Criminal Justice</ns0:subfield>
    <ns0:subfield code="0">(DHLAUTH)50910</ns0:subfield>
  </ns0:datafield>
  <ns0:datafield tag="630" ind1=" " ind2=" ">
    <ns0:subfield code="a">2030 Agenda for Sustainable Development</ns0:subfield>
    <ns0:subfield code="0">(DHLAUTH)869489</ns0:subfield>
  </ns0:datafield>
  <ns0:datafield tag="630" ind1=" " ind2=" ">
    <ns0:subfield code="a">Sustainable Development Goals. Goal 16</ns0:subfield>
    <ns0:subfield code="0">(DHLAUTH)877505</ns0:subfield>
  </ns0:datafield>
  <ns0:datafield tag="650" ind1="1" ind2="7">
    <ns0:subfield code="a">CRIME PREVENTION</ns0:subfield>
    <ns0:subfield code="0">(DHLAUTH)274588</ns0:subfield>
  </ns0:datafield>
  <ns0:datafield tag="650" ind1="1" ind2="7">
    <ns0:subfield code="a">CRIMINAL JUSTICE</ns0:subfield>
    <ns0:subfield code="0">(DHLAUTH)269126</ns0:subfield>
  </ns0:datafield>
  <ns0:datafield tag="650" ind1=" " ind2=" ">
    <ns0:subfield code="a">SUSTAINABLE DEVELOPMENT</ns0:subfield>
    <ns0:subfield code="0">(DHLAUTH)269920</ns0:subfield>
  </ns0:datafield>
  <ns0:datafield tag="710" ind1="2" ind2=" ">
    <ns0:subfield code="a">UN. General Assembly. 3rd Committee. Chair</ns0:subfield>
    <ns0:subfield code="0">(DHLAUTH)106997</ns0:subfield>
  </ns0:datafield>
  <ns0:datafield tag="793" ind1=" " ind2=" ">
    <ns0:subfield code="a">03</ns0:subfield>
  </ns0:datafield>
  <ns0:datafield tag="856" ind1="4" ind2=" ">
    <ns0:subfield code="y">العربية</ns0:subfield>
    <ns0:subfield code="9">cbaa886e-c8ab-4b66-b651-e0f90e124028</ns0:subfield>
    <ns0:subfield code="s">267159</ns0:subfield>
    <ns0:subfield code="u">https://digitallibrary.un.org/record/4022179/files/A_C.3_78_L.4-AR.pdf</ns0:subfield>
  </ns0:datafield>
  <ns0:datafield tag="856" ind1="4" ind2=" ">
    <ns0:subfield code="y">中文</ns0:subfield>
    <ns0:subfield code="9">bb672649-7d19-4604-a4fd-8b504ef697ad</ns0:subfield>
    <ns0:subfield code="s">282310</ns0:subfield>
    <ns0:subfield code="u">https://digitallibrary.un.org/record/4022179/files/A_C.3_78_L.4-ZH.pdf</ns0:subfield>
  </ns0:datafield>
  <ns0:datafield tag="856" ind1="4" ind2=" ">
    <ns0:subfield code="y">English</ns0:subfield>
    <ns0:subfield code="9">7c4174f3-d403-4f49-ba04-21b9921e9d90</ns0:subfield>
    <ns0:subfield code="s">185107</ns0:subfield>
    <ns0:subfield code="u">https://digitallibrary.un.org/record/4022179/files/A_C.3_78_L.4-EN.pdf</ns0:subfield>
  </ns0:datafield>
  <ns0:datafield tag="856" ind1="4" ind2=" ">
    <ns0:subfield code="y">Français</ns0:subfield>
    <ns0:subfield code="9">6b59c3c6-459e-4be9-9711-82a27754ef63</ns0:subfield>
    <ns0:subfield code="s">196513</ns0:subfield>
    <ns0:subfield code="u">https://digitallibrary.un.org/record/4022179/files/A_C.3_78_L.4-FR.pdf</ns0:subfield>
  </ns0:datafield>
  <ns0:datafield tag="856" ind1="4" ind2=" ">
    <ns0:subfield code="y">Русский</ns0:subfield>
    <ns0:subfield code="9">5452ab6e-37a2-4bf8-b20e-fa67e9493616</ns0:subfield>
    <ns0:subfield code="s">207020</ns0:subfield>
    <ns0:subfield code="u">https://digitallibrary.un.org/record/4022179/files/A_C.3_78_L.4-RU.pdf</ns0:subfield>
  </ns0:datafield>
  <ns0:datafield tag="856" ind1="4" ind2=" ">
    <ns0:subfield code="y">Español</ns0:subfield>
    <ns0:subfield code="9">9e2afc58-bfdc-4bad-8f55-152844bb52a5</ns0:subfield>
    <ns0:subfield code="s">190136</ns0:subfield>
    <ns0:subfield code="u">https://digitallibrary.un.org/record/4022179/files/A_C.3_78_L.4-ES.pdf</ns0:subfield>
  </ns0:datafield>
  <ns0:datafield tag="930" ind1=" " ind2=" ">
    <ns0:subfield code="a">UNDSE23</ns0:subfield>
  </ns0:datafield>
  <ns0:datafield tag="980" ind1=" " ind2=" ">
    <ns0:subfield code="a">BIB</ns0:subfield>
  </ns0:datafield>
  <ns0:datafield tag="981" ind1=" " ind2=" ">
    <ns0:subfield code="a">General Assembly</ns0:subfield>
    <ns0:subfield code="b">3rd Committee</ns0:subfield>
  </ns0:datafield>
  <ns0:datafield tag="989" ind1=" " ind2=" ">
    <ns0:subfield code="a">Documents and Publications</ns0:subfield>
    <ns0:subfield code="b">Draft Resolutions and Decisions</ns0:subfield>
  </ns0:datafield>
  <ns0:datafield tag="991" ind1="1" ind2=" ">
    <ns0:subfield code="a">A/78/251</ns0:subfield>
    <ns0:subfield code="b">107</ns0:subfield>
    <ns0:subfield code="c">Crime prevention and criminal justice.</ns0:subfield>
    <ns0:subfield code="d">CRIME PREVENTION</ns0:subfield>
    <ns0:subfield code="z">I</ns0:subfield>
    <ns0:subfield code="0">(DHLAUTH)935105</ns0:subfield>
  </ns0:datafield>
  <ns0:datafield tag="993" ind1="3" ind2=" ">
    <ns0:subfield code="a">A/78/482</ns0:subfield>
  </ns0:datafield>
  <ns0:datafield tag="993" ind1="1" ind2=" ">
    <ns0:subfield code="a">A/RES/78/225</ns0:subfield>
  </ns0:datafield>
  <ns0:datafield tag="999" ind1=" " ind2=" ">
    <ns0:subfield code="a">pnq20230928</ns0:subfield>
    <ns0:subfield code="b">20230928</ns0:subfield>
    <ns0:subfield code="c">q</ns0:subfield>
  </ns0:datafield>
  <ns0:datafield tag="999" ind1=" " ind2=" ">
    <ns0:subfield code="a">jsc20230928</ns0:subfield>
    <ns0:subfield code="b">20230928</ns0:subfield>
    <ns0:subfield code="c">c</ns0:subfield>
  </ns0:datafield>
  <ns0:datafield tag="999" ind1=" " ind2=" ">
    <ns0:subfield code="a">vvr20230929</ns0:subfield>
    <ns0:subfield code="b">20230929</ns0:subfield>
    <ns0:subfield code="c">r</ns0:subfield>
  </ns0:datafield>
  <ns0:datafield tag="999" ind1=" " ind2=" ">
    <ns0:subfield code="a">aru20231222</ns0:subfield>
    <ns0:subfield code="b">20231222</ns0:subfield>
    <ns0:subfield code="c">u</ns0:subfield>
  </ns0:datafield>
  <ns0:datafield tag="999" ind1=" " ind2=" ">
    <ns0:subfield code="a">vwt20250516</ns0:subfield>
    <ns0:subfield code="b">20250516</ns0:subfield>
    <ns0:subfield code="c">t</ns0:subfield>
  </ns0:datafield>
</ns0:record>