

<ns0:record xmlns:ns0="http://www.loc.gov/MARC21/slim">
  <ns0:controlfield tag="000">00000nam a2200025#a ||||</ns0:controlfield>
  <ns0:controlfield tag="001">4020189</ns0:controlfield>
  <ns0:controlfield tag="005">20250516143957.0</ns0:controlfield>
  <ns0:datafield tag="029" ind1=" " ind2=" ">
    <ns0:subfield code="a">JN</ns0:subfield>
    <ns0:subfield code="b">N2316586 E</ns0:subfield>
  </ns0:datafield>
  <ns0:datafield tag="035" ind1=" " ind2=" ">
    <ns0:subfield code="a">(DHL)1382343</ns0:subfield>
  </ns0:datafield>
  <ns0:datafield tag="039" ind1=" " ind2=" ">
    <ns0:subfield code="a">DHU</ns0:subfield>
  </ns0:datafield>
  <ns0:datafield tag="040" ind1=" " ind2=" ">
    <ns0:subfield code="a">NNUN</ns0:subfield>
    <ns0:subfield code="b">eng</ns0:subfield>
  </ns0:datafield>
  <ns0:datafield tag="041" ind1="0" ind2=" ">
    <ns0:subfield code="a">eng</ns0:subfield>
  </ns0:datafield>
  <ns0:datafield tag="049" ind1=" " ind2=" ">
    <ns0:subfield code="a">usa</ns0:subfield>
  </ns0:datafield>
  <ns0:datafield tag="089" ind1=" " ind2=" ">
    <ns0:subfield code="b">B19</ns0:subfield>
  </ns0:datafield>
  <ns0:datafield tag="091" ind1=" " ind2=" ">
    <ns0:subfield code="a">LTD</ns0:subfield>
  </ns0:datafield>
  <ns0:datafield tag="099" ind1=" " ind2=" ">
    <ns0:subfield code="a">UNH</ns0:subfield>
    <ns0:subfield code="b">DHU</ns0:subfield>
  </ns0:datafield>
  <ns0:datafield tag="191" ind1=" " ind2=" ">
    <ns0:subfield code="a">A/C.3/78/L.1</ns0:subfield>
    <ns0:subfield code="b">A/</ns0:subfield>
    <ns0:subfield code="c">78</ns0:subfield>
    <ns0:subfield code="9">G01</ns0:subfield>
    <ns0:subfield code="0">(DHLAUTH)933608</ns0:subfield>
  </ns0:datafield>
  <ns0:datafield tag="245" ind1="1" ind2="0">
    <ns0:subfield code="a">Organization of the work of the 3rd Committee :</ns0:subfield>
    <ns0:subfield code="b">General Assembly, 78th session : note /</ns0:subfield>
    <ns0:subfield code="c">by the Secretariat</ns0:subfield>
  </ns0:datafield>
  <ns0:datafield tag="260" ind1=" " ind2=" ">
    <ns0:subfield code="a">[New York] :</ns0:subfield>
    <ns0:subfield code="b">UN,</ns0:subfield>
    <ns0:subfield code="c">28 Aug. 2023</ns0:subfield>
  </ns0:datafield>
  <ns0:datafield tag="269" ind1=" " ind2=" ">
    <ns0:subfield code="a">2023-08-28</ns0:subfield>
  </ns0:datafield>
  <ns0:datafield tag="300" ind1=" " ind2=" ">
    <ns0:subfield code="a">9 p. :</ns0:subfield>
    <ns0:subfield code="b">table</ns0:subfield>
  </ns0:datafield>
  <ns0:datafield tag="500" ind1=" " ind2=" ">
    <ns0:subfield code="a">"Annex: Draft programme of work of the 3rd Committee": p. 4-9.</ns0:subfield>
  </ns0:datafield>
  <ns0:datafield tag="610" ind1="2" ind2="7">
    <ns0:subfield code="a">UN. General Assembly. 3rd Committee</ns0:subfield>
    <ns0:subfield code="2">unbisn</ns0:subfield>
    <ns0:subfield code="0">(DHLAUTH)49697</ns0:subfield>
  </ns0:datafield>
  <ns0:datafield tag="610" ind1=" " ind2=" ">
    <ns0:subfield code="a">UN. General Assembly (78th sess. : 2023-2024)</ns0:subfield>
    <ns0:subfield code="g">Work organization</ns0:subfield>
    <ns0:subfield code="0">(DHLAUTH)858104</ns0:subfield>
  </ns0:datafield>
  <ns0:datafield tag="710" ind1="2" ind2=" ">
    <ns0:subfield code="a">UN. Secretariat</ns0:subfield>
    <ns0:subfield code="0">(DHLAUTH)49545</ns0:subfield>
  </ns0:datafield>
  <ns0:datafield tag="793" ind1=" " ind2=" ">
    <ns0:subfield code="a">03</ns0:subfield>
  </ns0:datafield>
  <ns0:datafield tag="856" ind1="4" ind2=" ">
    <ns0:subfield code="y">العربية</ns0:subfield>
    <ns0:subfield code="9">9c60055b-de44-4c01-8988-b369aba8843e</ns0:subfield>
    <ns0:subfield code="s">389708</ns0:subfield>
    <ns0:subfield code="u">https://digitallibrary.un.org/record/4020189/files/A_C.3_78_L.1-AR.pdf</ns0:subfield>
  </ns0:datafield>
  <ns0:datafield tag="856" ind1="4" ind2=" ">
    <ns0:subfield code="y">中文</ns0:subfield>
    <ns0:subfield code="9">3f55b412-f6f7-479e-9683-7b9736ab6509</ns0:subfield>
    <ns0:subfield code="s">391934</ns0:subfield>
    <ns0:subfield code="u">https://digitallibrary.un.org/record/4020189/files/A_C.3_78_L.1-ZH.pdf</ns0:subfield>
  </ns0:datafield>
  <ns0:datafield tag="856" ind1="4" ind2=" ">
    <ns0:subfield code="y">English</ns0:subfield>
    <ns0:subfield code="9">a41dfa9b-48a7-45bd-bcf3-5f31c31301e6</ns0:subfield>
    <ns0:subfield code="s">253316</ns0:subfield>
    <ns0:subfield code="u">https://digitallibrary.un.org/record/4020189/files/A_C.3_78_L.1-EN.pdf</ns0:subfield>
  </ns0:datafield>
  <ns0:datafield tag="856" ind1="4" ind2=" ">
    <ns0:subfield code="y">Français</ns0:subfield>
    <ns0:subfield code="9">85e2aa13-34b0-48e2-b40e-42f42a6da221</ns0:subfield>
    <ns0:subfield code="s">300318</ns0:subfield>
    <ns0:subfield code="u">https://digitallibrary.un.org/record/4020189/files/A_C.3_78_L.1-FR.pdf</ns0:subfield>
  </ns0:datafield>
  <ns0:datafield tag="856" ind1="4" ind2=" ">
    <ns0:subfield code="y">Русский</ns0:subfield>
    <ns0:subfield code="9">eaa44014-61c0-479f-b10c-62d5036917de</ns0:subfield>
    <ns0:subfield code="s">312425</ns0:subfield>
    <ns0:subfield code="u">https://digitallibrary.un.org/record/4020189/files/A_C.3_78_L.1-RU.pdf</ns0:subfield>
  </ns0:datafield>
  <ns0:datafield tag="856" ind1="4" ind2=" ">
    <ns0:subfield code="y">Español</ns0:subfield>
    <ns0:subfield code="9">2e32e711-ec56-42d6-b53f-d49d93249492</ns0:subfield>
    <ns0:subfield code="s">260526</ns0:subfield>
    <ns0:subfield code="u">https://digitallibrary.un.org/record/4020189/files/A_C.3_78_L.1-ES.pdf</ns0:subfield>
  </ns0:datafield>
  <ns0:datafield tag="930" ind1=" " ind2=" ">
    <ns0:subfield code="a">UNDSE23</ns0:subfield>
  </ns0:datafield>
  <ns0:datafield tag="980" ind1=" " ind2=" ">
    <ns0:subfield code="a">BIB</ns0:subfield>
  </ns0:datafield>
  <ns0:datafield tag="981" ind1=" " ind2=" ">
    <ns0:subfield code="a">General Assembly</ns0:subfield>
    <ns0:subfield code="b">3rd Committee</ns0:subfield>
  </ns0:datafield>
  <ns0:datafield tag="989" ind1=" " ind2=" ">
    <ns0:subfield code="a">Documents and Publications</ns0:subfield>
  </ns0:datafield>
  <ns0:datafield tag="991" ind1="1" ind2=" ">
    <ns0:subfield code="a">A/78/251</ns0:subfield>
    <ns0:subfield code="b">7[3]</ns0:subfield>
    <ns0:subfield code="d">UN. GENERAL ASSEMBLY (78TH SESS. : 2023-2024). 3RD COMMITTEE--WORK ORGANIZATION</ns0:subfield>
    <ns0:subfield code="z">I</ns0:subfield>
    <ns0:subfield code="0">(DHLAUTH)934815</ns0:subfield>
  </ns0:datafield>
  <ns0:datafield tag="999" ind1=" " ind2=" ">
    <ns0:subfield code="a">jsc20230906</ns0:subfield>
    <ns0:subfield code="b">20230906</ns0:subfield>
    <ns0:subfield code="c">c</ns0:subfield>
  </ns0:datafield>
  <ns0:datafield tag="999" ind1=" " ind2=" ">
    <ns0:subfield code="a">pnq20230906</ns0:subfield>
    <ns0:subfield code="b">20230906</ns0:subfield>
    <ns0:subfield code="c">q</ns0:subfield>
  </ns0:datafield>
  <ns0:datafield tag="999" ind1=" " ind2=" ">
    <ns0:subfield code="a">vvr20230906</ns0:subfield>
    <ns0:subfield code="b">20230906</ns0:subfield>
    <ns0:subfield code="c">r</ns0:subfield>
  </ns0:datafield>
  <ns0:datafield tag="999" ind1=" " ind2=" ">
    <ns0:subfield code="a">vwt20250516</ns0:subfield>
    <ns0:subfield code="b">20250516</ns0:subfield>
    <ns0:subfield code="c">t</ns0:subfield>
  </ns0:datafield>
</ns0:record>