

<ns0:record xmlns:ns0="http://www.loc.gov/MARC21/slim">
  <ns0:controlfield tag="000">00000nam a2200025#a ||||</ns0:controlfield>
  <ns0:controlfield tag="001">4025976</ns0:controlfield>
  <ns0:controlfield tag="005">20250516162248.0</ns0:controlfield>
  <ns0:datafield tag="029" ind1=" " ind2=" ">
    <ns0:subfield code="a">JN</ns0:subfield>
    <ns0:subfield code="b">N2321033 E</ns0:subfield>
  </ns0:datafield>
  <ns0:datafield tag="035" ind1=" " ind2=" ">
    <ns0:subfield code="a">(DHL)1387491</ns0:subfield>
  </ns0:datafield>
  <ns0:datafield tag="039" ind1=" " ind2=" ">
    <ns0:subfield code="a">DHU</ns0:subfield>
  </ns0:datafield>
  <ns0:datafield tag="040" ind1=" " ind2=" ">
    <ns0:subfield code="a">NNUN</ns0:subfield>
    <ns0:subfield code="b">eng</ns0:subfield>
  </ns0:datafield>
  <ns0:datafield tag="041" ind1="0" ind2=" ">
    <ns0:subfield code="a">eng</ns0:subfield>
  </ns0:datafield>
  <ns0:datafield tag="049" ind1=" " ind2=" ">
    <ns0:subfield code="a">usa</ns0:subfield>
  </ns0:datafield>
  <ns0:datafield tag="089" ind1=" " ind2=" ">
    <ns0:subfield code="b">B02</ns0:subfield>
  </ns0:datafield>
  <ns0:datafield tag="091" ind1=" " ind2=" ">
    <ns0:subfield code="a">LTD</ns0:subfield>
  </ns0:datafield>
  <ns0:datafield tag="099" ind1=" " ind2=" ">
    <ns0:subfield code="a">UNH</ns0:subfield>
    <ns0:subfield code="b">DHU</ns0:subfield>
  </ns0:datafield>
  <ns0:datafield tag="191" ind1=" " ind2=" ">
    <ns0:subfield code="a">A/C.3/78/L.33</ns0:subfield>
    <ns0:subfield code="b">A/</ns0:subfield>
    <ns0:subfield code="c">78</ns0:subfield>
    <ns0:subfield code="9">G10</ns0:subfield>
    <ns0:subfield code="0">(DHLAUTH)933608</ns0:subfield>
  </ns0:datafield>
  <ns0:datafield tag="245" ind1="1" ind2="0">
    <ns0:subfield code="a">Strengthening United Nations action in the field of human rights through the promotion of international cooperation and the importance of non-selectivity, impartiality and objectivity :</ns0:subfield>
    <ns0:subfield code="b">draft resolution /</ns0:subfield>
    <ns0:subfield code="c">Belarus, Central African Republic, China, Cuba, Democratic People's Republic of Korea, Equatorial Guinea, Lao People's Democratic Republic, Russian Federation, Venezuela (Bolivarian Republic of) and Viet Nam</ns0:subfield>
  </ns0:datafield>
  <ns0:datafield tag="260" ind1=" " ind2=" ">
    <ns0:subfield code="a">[New York] :</ns0:subfield>
    <ns0:subfield code="b">UN,</ns0:subfield>
    <ns0:subfield code="c">30 Oct. 2023</ns0:subfield>
  </ns0:datafield>
  <ns0:datafield tag="269" ind1=" " ind2=" ">
    <ns0:subfield code="a">2023-10-30</ns0:subfield>
  </ns0:datafield>
  <ns0:datafield tag="300" ind1=" " ind2=" ">
    <ns0:subfield code="a">3 p.</ns0:subfield>
  </ns0:datafield>
  <ns0:datafield tag="515" ind1=" " ind2=" ">
    <ns0:subfield code="a">Additional sponsors: Algeria, Bahamas, Belize, Bolivia (Plurinational State of), Burundi, Cameroon, Comoros, Congo, Democratic Republic of the Congo, Djibouti, Dominican Republic, Egypt, Eritrea, Haiti, India, Iran (Islamic Republic of), Jamaica, Mali, Namibia, Nicaragua, Niger, Nigeria, Pakistan, Rwanda, Saint Vincent and the Grenadines, Sri Lanka, Tunisia, Uganda, United Republic of Tanzania and Zimbabwe (A/78/481/Add.2).</ns0:subfield>
  </ns0:datafield>
  <ns0:datafield tag="650" ind1="1" ind2="7">
    <ns0:subfield code="a">HUMAN RIGHTS</ns0:subfield>
    <ns0:subfield code="2">unbist</ns0:subfield>
    <ns0:subfield code="0">(DHLAUTH)274431</ns0:subfield>
  </ns0:datafield>
  <ns0:datafield tag="650" ind1="1" ind2="7">
    <ns0:subfield code="a">HUMAN RIGHTS ADVANCEMENT</ns0:subfield>
    <ns0:subfield code="2">unbist</ns0:subfield>
    <ns0:subfield code="0">(DHLAUTH)274478</ns0:subfield>
  </ns0:datafield>
  <ns0:datafield tag="650" ind1="1" ind2="7">
    <ns0:subfield code="a">INTERNATIONAL COOPERATION</ns0:subfield>
    <ns0:subfield code="2">unbist</ns0:subfield>
    <ns0:subfield code="0">(DHLAUTH)268622</ns0:subfield>
  </ns0:datafield>
  <ns0:datafield tag="710" ind1=" " ind2=" ">
    <ns0:subfield code="a">Belarus</ns0:subfield>
    <ns0:subfield code="9">ms</ns0:subfield>
    <ns0:subfield code="0">(DHLAUTH)189147</ns0:subfield>
  </ns0:datafield>
  <ns0:datafield tag="710" ind1="2" ind2=" ">
    <ns0:subfield code="a">Central African Republic</ns0:subfield>
    <ns0:subfield code="0">(DHLAUTH)72057</ns0:subfield>
  </ns0:datafield>
  <ns0:datafield tag="710" ind1=" " ind2=" ">
    <ns0:subfield code="a">China</ns0:subfield>
    <ns0:subfield code="9">ms</ns0:subfield>
    <ns0:subfield code="0">(DHLAUTH)72079</ns0:subfield>
  </ns0:datafield>
  <ns0:datafield tag="710" ind1="2" ind2=" ">
    <ns0:subfield code="a">Cuba</ns0:subfield>
    <ns0:subfield code="0">(DHLAUTH)72139</ns0:subfield>
  </ns0:datafield>
  <ns0:datafield tag="710" ind1="2" ind2=" ">
    <ns0:subfield code="a">Democratic People's Republic of Korea</ns0:subfield>
    <ns0:subfield code="0">(DHLAUTH)72153</ns0:subfield>
  </ns0:datafield>
  <ns0:datafield tag="710" ind1="2" ind2=" ">
    <ns0:subfield code="a">Equatorial Guinea</ns0:subfield>
    <ns0:subfield code="0">(DHLAUTH)45185</ns0:subfield>
  </ns0:datafield>
  <ns0:datafield tag="710" ind1="2" ind2=" ">
    <ns0:subfield code="a">Lao People's Democratic Republic</ns0:subfield>
    <ns0:subfield code="0">(DHLAUTH)72517</ns0:subfield>
  </ns0:datafield>
  <ns0:datafield tag="710" ind1="2" ind2=" ">
    <ns0:subfield code="a">Russian Federation</ns0:subfield>
    <ns0:subfield code="0">(DHLAUTH)123729</ns0:subfield>
  </ns0:datafield>
  <ns0:datafield tag="710" ind1="2" ind2=" ">
    <ns0:subfield code="a">Venezuela (Bolivarian Republic of)</ns0:subfield>
    <ns0:subfield code="0">(DHLAUTH)677684</ns0:subfield>
  </ns0:datafield>
  <ns0:datafield tag="710" ind1=" " ind2=" ">
    <ns0:subfield code="a">Viet Nam</ns0:subfield>
    <ns0:subfield code="9">ms</ns0:subfield>
    <ns0:subfield code="0">(DHLAUTH)74708</ns0:subfield>
  </ns0:datafield>
  <ns0:datafield tag="793" ind1=" " ind2=" ">
    <ns0:subfield code="a">03</ns0:subfield>
  </ns0:datafield>
  <ns0:datafield tag="856" ind1="4" ind2=" ">
    <ns0:subfield code="y">العربية</ns0:subfield>
    <ns0:subfield code="9">f364a897-57e7-466b-a081-2155bab52dd8</ns0:subfield>
    <ns0:subfield code="s">218276</ns0:subfield>
    <ns0:subfield code="u">https://digitallibrary.un.org/record/4025976/files/A_C.3_78_L.33-AR.pdf</ns0:subfield>
  </ns0:datafield>
  <ns0:datafield tag="856" ind1="4" ind2=" ">
    <ns0:subfield code="y">中文</ns0:subfield>
    <ns0:subfield code="9">5a588034-90a7-4ea1-ae42-825cd56f4a9e</ns0:subfield>
    <ns0:subfield code="s">255565</ns0:subfield>
    <ns0:subfield code="u">https://digitallibrary.un.org/record/4025976/files/A_C.3_78_L.33-ZH.pdf</ns0:subfield>
  </ns0:datafield>
  <ns0:datafield tag="856" ind1="4" ind2=" ">
    <ns0:subfield code="y">English</ns0:subfield>
    <ns0:subfield code="9">e042c9ee-7597-4ccf-a262-b257393ea8b2</ns0:subfield>
    <ns0:subfield code="s">197814</ns0:subfield>
    <ns0:subfield code="u">https://digitallibrary.un.org/record/4025976/files/A_C.3_78_L.33-EN.pdf</ns0:subfield>
  </ns0:datafield>
  <ns0:datafield tag="856" ind1="4" ind2=" ">
    <ns0:subfield code="y">Français</ns0:subfield>
    <ns0:subfield code="9">8a67f3ce-7840-448a-bfc6-9fd351a00d22</ns0:subfield>
    <ns0:subfield code="s">198534</ns0:subfield>
    <ns0:subfield code="u">https://digitallibrary.un.org/record/4025976/files/A_C.3_78_L.33-FR.pdf</ns0:subfield>
  </ns0:datafield>
  <ns0:datafield tag="856" ind1="4" ind2=" ">
    <ns0:subfield code="y">Русский</ns0:subfield>
    <ns0:subfield code="9">901622ce-7727-4e03-8311-de3a16323e8f</ns0:subfield>
    <ns0:subfield code="s">208167</ns0:subfield>
    <ns0:subfield code="u">https://digitallibrary.un.org/record/4025976/files/A_C.3_78_L.33-RU.pdf</ns0:subfield>
  </ns0:datafield>
  <ns0:datafield tag="856" ind1="4" ind2=" ">
    <ns0:subfield code="y">Español</ns0:subfield>
    <ns0:subfield code="9">252669b3-ff22-4a49-824c-d4dd42d2c828</ns0:subfield>
    <ns0:subfield code="s">194626</ns0:subfield>
    <ns0:subfield code="u">https://digitallibrary.un.org/record/4025976/files/A_C.3_78_L.33-ES.pdf</ns0:subfield>
  </ns0:datafield>
  <ns0:datafield tag="930" ind1=" " ind2=" ">
    <ns0:subfield code="a">UNDNO23</ns0:subfield>
  </ns0:datafield>
  <ns0:datafield tag="980" ind1=" " ind2=" ">
    <ns0:subfield code="a">BIB</ns0:subfield>
  </ns0:datafield>
  <ns0:datafield tag="981" ind1=" " ind2=" ">
    <ns0:subfield code="a">General Assembly</ns0:subfield>
    <ns0:subfield code="b">3rd Committee</ns0:subfield>
  </ns0:datafield>
  <ns0:datafield tag="989" ind1=" " ind2=" ">
    <ns0:subfield code="a">Documents and Publications</ns0:subfield>
    <ns0:subfield code="b">Draft Resolutions and Decisions</ns0:subfield>
  </ns0:datafield>
  <ns0:datafield tag="991" ind1="1" ind2=" ">
    <ns0:subfield code="a">A/78/251</ns0:subfield>
    <ns0:subfield code="b">71b</ns0:subfield>
    <ns0:subfield code="c">Human rights questions, including alternative approaches for improving the effective enjoyment of human rights and fundamental freedoms.</ns0:subfield>
    <ns0:subfield code="d">HUMAN RIGHTS ADVANCEMENT</ns0:subfield>
    <ns0:subfield code="z">I</ns0:subfield>
    <ns0:subfield code="0">(DHLAUTH)934963</ns0:subfield>
  </ns0:datafield>
  <ns0:datafield tag="993" ind1="1" ind2=" ">
    <ns0:subfield code="a">A/RES/78/197</ns0:subfield>
  </ns0:datafield>
  <ns0:datafield tag="993" ind1="3" ind2=" ">
    <ns0:subfield code="a">A/78/481/Add.2</ns0:subfield>
  </ns0:datafield>
  <ns0:datafield tag="999" ind1=" " ind2=" ">
    <ns0:subfield code="a">pnq20231106</ns0:subfield>
    <ns0:subfield code="b">20231106</ns0:subfield>
    <ns0:subfield code="c">q</ns0:subfield>
  </ns0:datafield>
  <ns0:datafield tag="999" ind1=" " ind2=" ">
    <ns0:subfield code="a">vvc20231106</ns0:subfield>
    <ns0:subfield code="b">20231106</ns0:subfield>
    <ns0:subfield code="c">c</ns0:subfield>
  </ns0:datafield>
  <ns0:datafield tag="999" ind1=" " ind2=" ">
    <ns0:subfield code="a">aru20231222</ns0:subfield>
    <ns0:subfield code="b">20231222</ns0:subfield>
    <ns0:subfield code="c">u</ns0:subfield>
  </ns0:datafield>
  <ns0:datafield tag="999" ind1=" " ind2=" ">
    <ns0:subfield code="a">vwt20250516</ns0:subfield>
    <ns0:subfield code="b">20250516</ns0:subfield>
    <ns0:subfield code="c">t</ns0:subfield>
  </ns0:datafield>
</ns0:record>