

<ns0:record xmlns:ns0="http://www.loc.gov/MARC21/slim">
  <ns0:controlfield tag="000">00000nam a2200025#a ||||</ns0:controlfield>
  <ns0:controlfield tag="001">4022181</ns0:controlfield>
  <ns0:controlfield tag="005">20250516162014.0</ns0:controlfield>
  <ns0:datafield tag="029" ind1=" " ind2=" ">
    <ns0:subfield code="a">JN</ns0:subfield>
    <ns0:subfield code="b">N2318136 E</ns0:subfield>
  </ns0:datafield>
  <ns0:datafield tag="035" ind1=" " ind2=" ">
    <ns0:subfield code="a">(DHL)1384136</ns0:subfield>
  </ns0:datafield>
  <ns0:datafield tag="039" ind1=" " ind2=" ">
    <ns0:subfield code="a">DHU</ns0:subfield>
  </ns0:datafield>
  <ns0:datafield tag="040" ind1=" " ind2=" ">
    <ns0:subfield code="a">NNUN</ns0:subfield>
    <ns0:subfield code="b">eng</ns0:subfield>
  </ns0:datafield>
  <ns0:datafield tag="041" ind1="0" ind2=" ">
    <ns0:subfield code="a">eng</ns0:subfield>
  </ns0:datafield>
  <ns0:datafield tag="049" ind1=" " ind2=" ">
    <ns0:subfield code="a">usa</ns0:subfield>
  </ns0:datafield>
  <ns0:datafield tag="089" ind1=" " ind2=" ">
    <ns0:subfield code="b">B02</ns0:subfield>
  </ns0:datafield>
  <ns0:datafield tag="091" ind1=" " ind2=" ">
    <ns0:subfield code="a">LTD</ns0:subfield>
  </ns0:datafield>
  <ns0:datafield tag="099" ind1=" " ind2=" ">
    <ns0:subfield code="a">UNH</ns0:subfield>
    <ns0:subfield code="b">DHU</ns0:subfield>
  </ns0:datafield>
  <ns0:datafield tag="191" ind1=" " ind2=" ">
    <ns0:subfield code="a">A/C.3/78/L.7</ns0:subfield>
    <ns0:subfield code="b">A/</ns0:subfield>
    <ns0:subfield code="c">78</ns0:subfield>
    <ns0:subfield code="9">G10</ns0:subfield>
    <ns0:subfield code="0">(DHLAUTH)933608</ns0:subfield>
  </ns0:datafield>
  <ns0:datafield tag="245" ind1="1" ind2="0">
    <ns0:subfield code="a">Combating glorification of Nazism, neo-Nazism and other practices that contribute to fuelling contemporary forms of racism, racial discrimination, xenophobia and related intolerance :</ns0:subfield>
    <ns0:subfield code="b">draft resolution /</ns0:subfield>
    <ns0:subfield code="c">Belarus, Russian Federation and Syrian Arab Republic</ns0:subfield>
  </ns0:datafield>
  <ns0:datafield tag="260" ind1=" " ind2=" ">
    <ns0:subfield code="a">[New York] :</ns0:subfield>
    <ns0:subfield code="b">UN,</ns0:subfield>
    <ns0:subfield code="c">20 Sept. 2023</ns0:subfield>
  </ns0:datafield>
  <ns0:datafield tag="269" ind1=" " ind2=" ">
    <ns0:subfield code="a">2023-09-20</ns0:subfield>
  </ns0:datafield>
  <ns0:datafield tag="300" ind1=" " ind2=" ">
    <ns0:subfield code="a">11 p.</ns0:subfield>
  </ns0:datafield>
  <ns0:datafield tag="515" ind1=" " ind2=" ">
    <ns0:subfield code="a">Additional sponsors: Algeria, Armenia, Azerbaijan, Burkina Faso, Cambodia, Cameroon, Central African Republic, China, Congo, Cuba, Democratic People's Republic of Korea, Egypt, Equatorial Guinea, Eritrea, Gambia, Kazakhstan, Kyrgyzstan, Lao People's Democratic Republic, Madagascar, Mali, Nicaragua, Nigeria, Pakistan, Senegal, South Africa, Sri Lanka, Sudan, Tajikistan, Togo, Turkmenistan, Uganda, Uzbekistan, Venezuela (Bolivarian Republic of), Viet Nam and Zimbabwe (A/78/478).</ns0:subfield>
  </ns0:datafield>
  <ns0:datafield tag="610" ind1=" " ind2=" ">
    <ns0:subfield code="a">UN. Human Rights Council. Special Rapporteur on Contemporary Forms of Racism, Racial Discrimination, Xenophobia and Related Intolerance</ns0:subfield>
    <ns0:subfield code="0">(DHLAUTH)711186</ns0:subfield>
  </ns0:datafield>
  <ns0:datafield tag="630" ind1="0" ind2="7">
    <ns0:subfield code="a">International Convention on the Elimination of All Forms of Racial Discrimination (1965)</ns0:subfield>
    <ns0:subfield code="0">(DHLAUTH)34543</ns0:subfield>
  </ns0:datafield>
  <ns0:datafield tag="650" ind1="1" ind2="7">
    <ns0:subfield code="a">NAZISM</ns0:subfield>
    <ns0:subfield code="0">(DHLAUTH)268360</ns0:subfield>
  </ns0:datafield>
  <ns0:datafield tag="650" ind1="1" ind2="7">
    <ns0:subfield code="a">RACIAL DISCRIMINATION</ns0:subfield>
    <ns0:subfield code="0">(DHLAUTH)268993</ns0:subfield>
  </ns0:datafield>
  <ns0:datafield tag="650" ind1="1" ind2="7">
    <ns0:subfield code="a">XENOPHOBIA</ns0:subfield>
    <ns0:subfield code="0">(DHLAUTH)274434</ns0:subfield>
  </ns0:datafield>
  <ns0:datafield tag="650" ind1="1" ind2="7">
    <ns0:subfield code="a">ANTI-DISCRIMINATION MEASURES</ns0:subfield>
    <ns0:subfield code="0">(DHLAUTH)610794</ns0:subfield>
  </ns0:datafield>
  <ns0:datafield tag="650" ind1="1" ind2="7">
    <ns0:subfield code="a">RADICALISM</ns0:subfield>
    <ns0:subfield code="0">(DHLAUTH)268315</ns0:subfield>
  </ns0:datafield>
  <ns0:datafield tag="650" ind1=" " ind2=" ">
    <ns0:subfield code="a">GROUP HATRED</ns0:subfield>
    <ns0:subfield code="0">(DHLAUTH)274432</ns0:subfield>
  </ns0:datafield>
  <ns0:datafield tag="710" ind1="2" ind2=" ">
    <ns0:subfield code="a">Belarus</ns0:subfield>
    <ns0:subfield code="0">(DHLAUTH)189147</ns0:subfield>
  </ns0:datafield>
  <ns0:datafield tag="710" ind1="2" ind2=" ">
    <ns0:subfield code="a">Syrian Arab Republic</ns0:subfield>
    <ns0:subfield code="0">(DHLAUTH)72879</ns0:subfield>
  </ns0:datafield>
  <ns0:datafield tag="710" ind1="2" ind2=" ">
    <ns0:subfield code="a">Russian Federation</ns0:subfield>
    <ns0:subfield code="0">(DHLAUTH)123729</ns0:subfield>
  </ns0:datafield>
  <ns0:datafield tag="793" ind1=" " ind2=" ">
    <ns0:subfield code="a">03</ns0:subfield>
  </ns0:datafield>
  <ns0:datafield tag="856" ind1="4" ind2=" ">
    <ns0:subfield code="y">العربية</ns0:subfield>
    <ns0:subfield code="9">dce850a7-e921-49c1-896b-8d702bd495d2</ns0:subfield>
    <ns0:subfield code="s">451290</ns0:subfield>
    <ns0:subfield code="u">https://digitallibrary.un.org/record/4022181/files/A_C.3_78_L.7-AR.pdf</ns0:subfield>
  </ns0:datafield>
  <ns0:datafield tag="856" ind1="4" ind2=" ">
    <ns0:subfield code="y">中文</ns0:subfield>
    <ns0:subfield code="9">d337f403-9903-4bb4-9ee3-875ac24e1a66</ns0:subfield>
    <ns0:subfield code="s">485049</ns0:subfield>
    <ns0:subfield code="u">https://digitallibrary.un.org/record/4022181/files/A_C.3_78_L.7-ZH.pdf</ns0:subfield>
  </ns0:datafield>
  <ns0:datafield tag="856" ind1="4" ind2=" ">
    <ns0:subfield code="y">English</ns0:subfield>
    <ns0:subfield code="9">d18087f6-e63b-4054-bca0-3edd55621f4a</ns0:subfield>
    <ns0:subfield code="s">267991</ns0:subfield>
    <ns0:subfield code="u">https://digitallibrary.un.org/record/4022181/files/A_C.3_78_L.7-EN.pdf</ns0:subfield>
  </ns0:datafield>
  <ns0:datafield tag="856" ind1="4" ind2=" ">
    <ns0:subfield code="y">Français</ns0:subfield>
    <ns0:subfield code="9">80d4f60a-9c6f-4937-9445-abdf7f2400af</ns0:subfield>
    <ns0:subfield code="s">323866</ns0:subfield>
    <ns0:subfield code="u">https://digitallibrary.un.org/record/4022181/files/A_C.3_78_L.7-FR.pdf</ns0:subfield>
  </ns0:datafield>
  <ns0:datafield tag="856" ind1="4" ind2=" ">
    <ns0:subfield code="y">Русский</ns0:subfield>
    <ns0:subfield code="9">67428d93-c86a-4dc7-b116-27454307519a</ns0:subfield>
    <ns0:subfield code="s">343314</ns0:subfield>
    <ns0:subfield code="u">https://digitallibrary.un.org/record/4022181/files/A_C.3_78_L.7-RU.pdf</ns0:subfield>
  </ns0:datafield>
  <ns0:datafield tag="856" ind1="4" ind2=" ">
    <ns0:subfield code="y">Español</ns0:subfield>
    <ns0:subfield code="9">e70f3ee0-0718-4a53-b03c-2d886fa1ec8b</ns0:subfield>
    <ns0:subfield code="s">301627</ns0:subfield>
    <ns0:subfield code="u">https://digitallibrary.un.org/record/4022181/files/A_C.3_78_L.7-ES.pdf</ns0:subfield>
  </ns0:datafield>
  <ns0:datafield tag="930" ind1=" " ind2=" ">
    <ns0:subfield code="a">UNDSE23</ns0:subfield>
  </ns0:datafield>
  <ns0:datafield tag="980" ind1=" " ind2=" ">
    <ns0:subfield code="a">BIB</ns0:subfield>
  </ns0:datafield>
  <ns0:datafield tag="981" ind1=" " ind2=" ">
    <ns0:subfield code="a">General Assembly</ns0:subfield>
    <ns0:subfield code="b">3rd Committee</ns0:subfield>
  </ns0:datafield>
  <ns0:datafield tag="989" ind1=" " ind2=" ">
    <ns0:subfield code="a">Documents and Publications</ns0:subfield>
    <ns0:subfield code="b">Draft Resolutions and Decisions</ns0:subfield>
  </ns0:datafield>
  <ns0:datafield tag="991" ind1="1" ind2=" ">
    <ns0:subfield code="a">A/78/251</ns0:subfield>
    <ns0:subfield code="b">69a</ns0:subfield>
    <ns0:subfield code="c">Elimination of racism, racial discrimination, xenophobia and related intolerance.</ns0:subfield>
    <ns0:subfield code="d">RACIAL DISCRIMINATION--ELIMINATION</ns0:subfield>
    <ns0:subfield code="z">I</ns0:subfield>
    <ns0:subfield code="0">(DHLAUTH)934950</ns0:subfield>
  </ns0:datafield>
  <ns0:datafield tag="993" ind1="1" ind2=" ">
    <ns0:subfield code="a">A/RES/78/190</ns0:subfield>
  </ns0:datafield>
  <ns0:datafield tag="993" ind1="3" ind2=" ">
    <ns0:subfield code="a">A/78/478</ns0:subfield>
  </ns0:datafield>
  <ns0:datafield tag="999" ind1=" " ind2=" ">
    <ns0:subfield code="a">pnq20230928</ns0:subfield>
    <ns0:subfield code="b">20230928</ns0:subfield>
    <ns0:subfield code="c">q</ns0:subfield>
  </ns0:datafield>
  <ns0:datafield tag="999" ind1=" " ind2=" ">
    <ns0:subfield code="a">jsc20230928</ns0:subfield>
    <ns0:subfield code="b">20230928</ns0:subfield>
    <ns0:subfield code="c">c</ns0:subfield>
  </ns0:datafield>
  <ns0:datafield tag="999" ind1=" " ind2=" ">
    <ns0:subfield code="a">vvr20230929</ns0:subfield>
    <ns0:subfield code="b">20230929</ns0:subfield>
    <ns0:subfield code="c">r</ns0:subfield>
  </ns0:datafield>
  <ns0:datafield tag="999" ind1=" " ind2=" ">
    <ns0:subfield code="a">vwt20250516</ns0:subfield>
    <ns0:subfield code="b">20250516</ns0:subfield>
    <ns0:subfield code="c">t</ns0:subfield>
  </ns0:datafield>
</ns0:record>