

<ns0:record xmlns:ns0="http://www.loc.gov/MARC21/slim">
  <ns0:controlfield tag="000">00000nam a2200025#a ||||</ns0:controlfield>
  <ns0:controlfield tag="001">4026782</ns0:controlfield>
  <ns0:controlfield tag="005">20250516162525.0</ns0:controlfield>
  <ns0:datafield tag="029" ind1=" " ind2=" ">
    <ns0:subfield code="a">JN</ns0:subfield>
    <ns0:subfield code="b">N2321930 E</ns0:subfield>
  </ns0:datafield>
  <ns0:datafield tag="035" ind1=" " ind2=" ">
    <ns0:subfield code="a">(DHL)1388113</ns0:subfield>
  </ns0:datafield>
  <ns0:datafield tag="039" ind1=" " ind2=" ">
    <ns0:subfield code="a">DHU</ns0:subfield>
  </ns0:datafield>
  <ns0:datafield tag="040" ind1=" " ind2=" ">
    <ns0:subfield code="a">NNUN</ns0:subfield>
    <ns0:subfield code="b">eng</ns0:subfield>
  </ns0:datafield>
  <ns0:datafield tag="041" ind1="0" ind2=" ">
    <ns0:subfield code="a">eng</ns0:subfield>
  </ns0:datafield>
  <ns0:datafield tag="049" ind1=" " ind2=" ">
    <ns0:subfield code="a">usa</ns0:subfield>
  </ns0:datafield>
  <ns0:datafield tag="089" ind1=" " ind2=" ">
    <ns0:subfield code="b">B02</ns0:subfield>
  </ns0:datafield>
  <ns0:datafield tag="091" ind1=" " ind2=" ">
    <ns0:subfield code="a">LTD</ns0:subfield>
  </ns0:datafield>
  <ns0:datafield tag="099" ind1=" " ind2=" ">
    <ns0:subfield code="a">UNH</ns0:subfield>
    <ns0:subfield code="b">DHU</ns0:subfield>
  </ns0:datafield>
  <ns0:datafield tag="191" ind1=" " ind2=" ">
    <ns0:subfield code="a">A/C.3/78/L.69</ns0:subfield>
    <ns0:subfield code="b">A/</ns0:subfield>
    <ns0:subfield code="c">78</ns0:subfield>
    <ns0:subfield code="9">G10</ns0:subfield>
    <ns0:subfield code="0">(DHLAUTH)933608</ns0:subfield>
  </ns0:datafield>
  <ns0:datafield tag="245" ind1="1" ind2="0">
    <ns0:subfield code="a">Strengthening the role of the United Nations in the promotion of democratization and enhancing periodic and genuine elections :</ns0:subfield>
    <ns0:subfield code="b">amendment to draft resolution A/C.3/78/L.51 /</ns0:subfield>
    <ns0:subfield code="c">Afghanistan, Algeria, Bahrain, Bangladesh, Belarus, Benin, Brunei Darussalam, Burkina Faso, Cameroon, Comoros, Côte d'Ivoire, Djibouti, Egypt, Gabon, Gambia, Guinea, Guinea-Bissau, Indonesia, Iran (Islamic Republic of), Iraq, Jordan, Kazakhstan, Kuwait, Kyrgyzstan, Libya, Malaysia, Maldives, Mali, Mauritania, Morocco, Mozambique, Niger, Nigeria, Oman, Pakistan, Qatar, Russian Federation, Saudi Arabia, Senegal, Somalia, Sudan, Tajikistan, Turkmenistan, Uganda, United Arab Emirates, Uzbekistan and Yemen</ns0:subfield>
  </ns0:datafield>
  <ns0:datafield tag="260" ind1=" " ind2=" ">
    <ns0:subfield code="a">[New York] :</ns0:subfield>
    <ns0:subfield code="b">UN,</ns0:subfield>
    <ns0:subfield code="c">9 Nov. 2023</ns0:subfield>
  </ns0:datafield>
  <ns0:datafield tag="269" ind1=" " ind2=" ">
    <ns0:subfield code="a">2023-11-09</ns0:subfield>
  </ns0:datafield>
  <ns0:datafield tag="300" ind1=" " ind2=" ">
    <ns0:subfield code="a">[1] p.</ns0:subfield>
  </ns0:datafield>
  <ns0:datafield tag="515" ind1=" " ind2=" ">
    <ns0:subfield code="a">Additional sponsors: Burundi, United Republic of Tanzania and Zimbabwe. - The amendment was rejected by the Committee (A/78/481/Add.2).</ns0:subfield>
  </ns0:datafield>
  <ns0:datafield tag="650" ind1=" " ind2=" ">
    <ns0:subfield code="a">RIGHT TO VOTE</ns0:subfield>
    <ns0:subfield code="0">(DHLAUTH)268347</ns0:subfield>
  </ns0:datafield>
  <ns0:datafield tag="650" ind1=" " ind2=" ">
    <ns0:subfield code="a">ANTI-DISCRIMINATION MEASURES</ns0:subfield>
    <ns0:subfield code="0">(DHLAUTH)610794</ns0:subfield>
  </ns0:datafield>
  <ns0:datafield tag="710" ind1=" " ind2=" ">
    <ns0:subfield code="a">Afghanistan</ns0:subfield>
    <ns0:subfield code="9">ms</ns0:subfield>
    <ns0:subfield code="0">(DHLAUTH)71929</ns0:subfield>
  </ns0:datafield>
  <ns0:datafield tag="710" ind1="2" ind2=" ">
    <ns0:subfield code="a">Algeria</ns0:subfield>
    <ns0:subfield code="0">(DHLAUTH)39601</ns0:subfield>
  </ns0:datafield>
  <ns0:datafield tag="710" ind1="2" ind2=" ">
    <ns0:subfield code="a">Bahrain</ns0:subfield>
    <ns0:subfield code="0">(DHLAUTH)71969</ns0:subfield>
  </ns0:datafield>
  <ns0:datafield tag="710" ind1="2" ind2=" ">
    <ns0:subfield code="a">Bangladesh</ns0:subfield>
    <ns0:subfield code="0">(DHLAUTH)39651</ns0:subfield>
  </ns0:datafield>
  <ns0:datafield tag="710" ind1="2" ind2=" ">
    <ns0:subfield code="a">Belarus</ns0:subfield>
    <ns0:subfield code="0">(DHLAUTH)189147</ns0:subfield>
  </ns0:datafield>
  <ns0:datafield tag="710" ind1="2" ind2=" ">
    <ns0:subfield code="a">Benin</ns0:subfield>
    <ns0:subfield code="0">(DHLAUTH)58963</ns0:subfield>
  </ns0:datafield>
  <ns0:datafield tag="710" ind1="2" ind2=" ">
    <ns0:subfield code="a">Brunei Darussalam</ns0:subfield>
    <ns0:subfield code="0">(DHLAUTH)72001</ns0:subfield>
  </ns0:datafield>
  <ns0:datafield tag="710" ind1="2" ind2=" ">
    <ns0:subfield code="a">Burkina Faso</ns0:subfield>
    <ns0:subfield code="0">(DHLAUTH)62746</ns0:subfield>
  </ns0:datafield>
  <ns0:datafield tag="710" ind1="2" ind2=" ">
    <ns0:subfield code="a">Cameroon</ns0:subfield>
    <ns0:subfield code="0">(DHLAUTH)40089</ns0:subfield>
  </ns0:datafield>
  <ns0:datafield tag="710" ind1="2" ind2=" ">
    <ns0:subfield code="a">Comoros</ns0:subfield>
    <ns0:subfield code="0">(DHLAUTH)39671</ns0:subfield>
  </ns0:datafield>
  <ns0:datafield tag="710" ind1="2" ind2=" ">
    <ns0:subfield code="a">Côte d'Ivoire</ns0:subfield>
    <ns0:subfield code="0">(DHLAUTH)39850</ns0:subfield>
  </ns0:datafield>
  <ns0:datafield tag="710" ind1="2" ind2=" ">
    <ns0:subfield code="a">Djibouti</ns0:subfield>
    <ns0:subfield code="0">(DHLAUTH)39675</ns0:subfield>
  </ns0:datafield>
  <ns0:datafield tag="710" ind1="2" ind2=" ">
    <ns0:subfield code="a">Egypt</ns0:subfield>
    <ns0:subfield code="0">(DHLAUTH)39685</ns0:subfield>
  </ns0:datafield>
  <ns0:datafield tag="710" ind1="2" ind2=" ">
    <ns0:subfield code="a">Gabon</ns0:subfield>
    <ns0:subfield code="0">(DHLAUTH)72237</ns0:subfield>
  </ns0:datafield>
  <ns0:datafield tag="710" ind1="2" ind2=" ">
    <ns0:subfield code="a">Gambia</ns0:subfield>
    <ns0:subfield code="0">(DHLAUTH)60095</ns0:subfield>
  </ns0:datafield>
  <ns0:datafield tag="710" ind1="2" ind2=" ">
    <ns0:subfield code="a">Guinea</ns0:subfield>
    <ns0:subfield code="0">(DHLAUTH)72283</ns0:subfield>
  </ns0:datafield>
  <ns0:datafield tag="710" ind1="2" ind2=" ">
    <ns0:subfield code="a">Guinea-Bissau</ns0:subfield>
    <ns0:subfield code="0">(DHLAUTH)72285</ns0:subfield>
  </ns0:datafield>
  <ns0:datafield tag="710" ind1="2" ind2=" ">
    <ns0:subfield code="a">Indonesia</ns0:subfield>
    <ns0:subfield code="0">(DHLAUTH)60335</ns0:subfield>
  </ns0:datafield>
  <ns0:datafield tag="710" ind1="2" ind2=" ">
    <ns0:subfield code="a">Iran (Islamic Republic of)</ns0:subfield>
    <ns0:subfield code="0">(DHLAUTH)39843</ns0:subfield>
  </ns0:datafield>
  <ns0:datafield tag="710" ind1="2" ind2=" ">
    <ns0:subfield code="a">Iraq</ns0:subfield>
    <ns0:subfield code="0">(DHLAUTH)72473</ns0:subfield>
  </ns0:datafield>
  <ns0:datafield tag="710" ind1="2" ind2=" ">
    <ns0:subfield code="a">Kazakhstan</ns0:subfield>
    <ns0:subfield code="0">(DHLAUTH)198897</ns0:subfield>
  </ns0:datafield>
  <ns0:datafield tag="710" ind1="2" ind2=" ">
    <ns0:subfield code="a">Jordan</ns0:subfield>
    <ns0:subfield code="0">(DHLAUTH)39861</ns0:subfield>
  </ns0:datafield>
  <ns0:datafield tag="710" ind1="2" ind2=" ">
    <ns0:subfield code="a">Kuwait</ns0:subfield>
    <ns0:subfield code="0">(DHLAUTH)39867</ns0:subfield>
  </ns0:datafield>
  <ns0:datafield tag="710" ind1="2" ind2=" ">
    <ns0:subfield code="a">Kyrgyzstan</ns0:subfield>
    <ns0:subfield code="0">(DHLAUTH)198901</ns0:subfield>
  </ns0:datafield>
  <ns0:datafield tag="710" ind1="2" ind2=" ">
    <ns0:subfield code="a">Libya</ns0:subfield>
    <ns0:subfield code="0">(DHLAUTH)804483</ns0:subfield>
  </ns0:datafield>
  <ns0:datafield tag="710" ind1="2" ind2=" ">
    <ns0:subfield code="a">Malaysia</ns0:subfield>
    <ns0:subfield code="0">(DHLAUTH)72557</ns0:subfield>
  </ns0:datafield>
  <ns0:datafield tag="710" ind1="2" ind2=" ">
    <ns0:subfield code="a">Maldives</ns0:subfield>
    <ns0:subfield code="0">(DHLAUTH)72559</ns0:subfield>
  </ns0:datafield>
  <ns0:datafield tag="710" ind1="2" ind2=" ">
    <ns0:subfield code="a">Mali</ns0:subfield>
    <ns0:subfield code="0">(DHLAUTH)72561</ns0:subfield>
  </ns0:datafield>
  <ns0:datafield tag="710" ind1="2" ind2=" ">
    <ns0:subfield code="a">Mauritania</ns0:subfield>
    <ns0:subfield code="0">(DHLAUTH)72579</ns0:subfield>
  </ns0:datafield>
  <ns0:datafield tag="710" ind1="2" ind2=" ">
    <ns0:subfield code="a">Morocco</ns0:subfield>
    <ns0:subfield code="0">(DHLAUTH)39911</ns0:subfield>
  </ns0:datafield>
  <ns0:datafield tag="710" ind1="2" ind2=" ">
    <ns0:subfield code="a">Mozambique</ns0:subfield>
    <ns0:subfield code="0">(DHLAUTH)72609</ns0:subfield>
  </ns0:datafield>
  <ns0:datafield tag="710" ind1="2" ind2=" ">
    <ns0:subfield code="a">Niger</ns0:subfield>
    <ns0:subfield code="0">(DHLAUTH)61321</ns0:subfield>
  </ns0:datafield>
  <ns0:datafield tag="710" ind1="2" ind2=" ">
    <ns0:subfield code="a">Nigeria</ns0:subfield>
    <ns0:subfield code="0">(DHLAUTH)39943</ns0:subfield>
  </ns0:datafield>
  <ns0:datafield tag="710" ind1="2" ind2=" ">
    <ns0:subfield code="a">Oman</ns0:subfield>
    <ns0:subfield code="0">(DHLAUTH)39955</ns0:subfield>
  </ns0:datafield>
  <ns0:datafield tag="710" ind1="2" ind2=" ">
    <ns0:subfield code="a">Pakistan</ns0:subfield>
    <ns0:subfield code="0">(DHLAUTH)72679</ns0:subfield>
  </ns0:datafield>
  <ns0:datafield tag="710" ind1="2" ind2=" ">
    <ns0:subfield code="a">Qatar</ns0:subfield>
    <ns0:subfield code="0">(DHLAUTH)40037</ns0:subfield>
  </ns0:datafield>
  <ns0:datafield tag="710" ind1="2" ind2=" ">
    <ns0:subfield code="a">Russian Federation</ns0:subfield>
    <ns0:subfield code="0">(DHLAUTH)123729</ns0:subfield>
  </ns0:datafield>
  <ns0:datafield tag="710" ind1="2" ind2=" ">
    <ns0:subfield code="a">Saudi Arabia</ns0:subfield>
    <ns0:subfield code="0">(DHLAUTH)72827</ns0:subfield>
  </ns0:datafield>
  <ns0:datafield tag="710" ind1="2" ind2=" ">
    <ns0:subfield code="a">Senegal</ns0:subfield>
    <ns0:subfield code="0">(DHLAUTH)72833</ns0:subfield>
  </ns0:datafield>
  <ns0:datafield tag="710" ind1="2" ind2=" ">
    <ns0:subfield code="a">Somalia</ns0:subfield>
    <ns0:subfield code="0">(DHLAUTH)72845</ns0:subfield>
  </ns0:datafield>
  <ns0:datafield tag="710" ind1="2" ind2=" ">
    <ns0:subfield code="a">Sudan</ns0:subfield>
    <ns0:subfield code="0">(DHLAUTH)40061</ns0:subfield>
  </ns0:datafield>
  <ns0:datafield tag="710" ind1="2" ind2=" ">
    <ns0:subfield code="a">Tajikistan</ns0:subfield>
    <ns0:subfield code="0">(DHLAUTH)198909</ns0:subfield>
  </ns0:datafield>
  <ns0:datafield tag="710" ind1="2" ind2=" ">
    <ns0:subfield code="a">Turkmenistan</ns0:subfield>
    <ns0:subfield code="0">(DHLAUTH)198915</ns0:subfield>
  </ns0:datafield>
  <ns0:datafield tag="710" ind1="2" ind2=" ">
    <ns0:subfield code="a">Uganda</ns0:subfield>
    <ns0:subfield code="0">(DHLAUTH)125009</ns0:subfield>
  </ns0:datafield>
  <ns0:datafield tag="710" ind1="2" ind2=" ">
    <ns0:subfield code="a">United Arab Emirates</ns0:subfield>
    <ns0:subfield code="0">(DHLAUTH)40077</ns0:subfield>
  </ns0:datafield>
  <ns0:datafield tag="710" ind1="2" ind2=" ">
    <ns0:subfield code="a">Uzbekistan</ns0:subfield>
    <ns0:subfield code="0">(DHLAUTH)149337</ns0:subfield>
  </ns0:datafield>
  <ns0:datafield tag="710" ind1="2" ind2=" ">
    <ns0:subfield code="a">Yemen</ns0:subfield>
    <ns0:subfield code="0">(DHLAUTH)74774</ns0:subfield>
  </ns0:datafield>
  <ns0:datafield tag="793" ind1=" " ind2=" ">
    <ns0:subfield code="a">03</ns0:subfield>
  </ns0:datafield>
  <ns0:datafield tag="856" ind1="4" ind2=" ">
    <ns0:subfield code="y">العربية</ns0:subfield>
    <ns0:subfield code="9">763f5ba2-bb1f-4fea-b1ed-fe34a391f9fd</ns0:subfield>
    <ns0:subfield code="s">174281</ns0:subfield>
    <ns0:subfield code="u">https://digitallibrary.un.org/record/4026782/files/A_C.3_78_L.69-AR.pdf</ns0:subfield>
  </ns0:datafield>
  <ns0:datafield tag="856" ind1="4" ind2=" ">
    <ns0:subfield code="y">中文</ns0:subfield>
    <ns0:subfield code="9">35f7733b-5b94-4171-9d1b-39dcf463266c</ns0:subfield>
    <ns0:subfield code="s">195175</ns0:subfield>
    <ns0:subfield code="u">https://digitallibrary.un.org/record/4026782/files/A_C.3_78_L.69-ZH.pdf</ns0:subfield>
  </ns0:datafield>
  <ns0:datafield tag="856" ind1="4" ind2=" ">
    <ns0:subfield code="y">English</ns0:subfield>
    <ns0:subfield code="9">890694b2-c1bd-4008-8adc-48dbadbcd295</ns0:subfield>
    <ns0:subfield code="s">153507</ns0:subfield>
    <ns0:subfield code="u">https://digitallibrary.un.org/record/4026782/files/A_C.3_78_L.69-EN.pdf</ns0:subfield>
  </ns0:datafield>
  <ns0:datafield tag="856" ind1="4" ind2=" ">
    <ns0:subfield code="y">Français</ns0:subfield>
    <ns0:subfield code="9">9b35f816-f9a7-4691-a580-0c94bafafa22</ns0:subfield>
    <ns0:subfield code="s">157404</ns0:subfield>
    <ns0:subfield code="u">https://digitallibrary.un.org/record/4026782/files/A_C.3_78_L.69-FR.pdf</ns0:subfield>
  </ns0:datafield>
  <ns0:datafield tag="856" ind1="4" ind2=" ">
    <ns0:subfield code="y">Русский</ns0:subfield>
    <ns0:subfield code="9">8a5fabbc-6b51-4028-9d39-abc599c66079</ns0:subfield>
    <ns0:subfield code="s">203589</ns0:subfield>
    <ns0:subfield code="u">https://digitallibrary.un.org/record/4026782/files/A_C.3_78_L.69-RU.pdf</ns0:subfield>
  </ns0:datafield>
  <ns0:datafield tag="856" ind1="4" ind2=" ">
    <ns0:subfield code="y">Español</ns0:subfield>
    <ns0:subfield code="9">e8696fb5-3aaf-4396-b42f-ef0324986de4</ns0:subfield>
    <ns0:subfield code="s">154860</ns0:subfield>
    <ns0:subfield code="u">https://digitallibrary.un.org/record/4026782/files/A_C.3_78_L.69-ES.pdf</ns0:subfield>
  </ns0:datafield>
  <ns0:datafield tag="930" ind1=" " ind2=" ">
    <ns0:subfield code="a">UNDNO23</ns0:subfield>
  </ns0:datafield>
  <ns0:datafield tag="980" ind1=" " ind2=" ">
    <ns0:subfield code="a">BIB</ns0:subfield>
  </ns0:datafield>
  <ns0:datafield tag="981" ind1=" " ind2=" ">
    <ns0:subfield code="a">General Assembly</ns0:subfield>
    <ns0:subfield code="b">3rd Committee</ns0:subfield>
  </ns0:datafield>
  <ns0:datafield tag="989" ind1=" " ind2=" ">
    <ns0:subfield code="a">Documents and Publications</ns0:subfield>
    <ns0:subfield code="b">Draft Resolutions and Decisions</ns0:subfield>
  </ns0:datafield>
  <ns0:datafield tag="991" ind1="1" ind2=" ">
    <ns0:subfield code="a">A/78/251</ns0:subfield>
    <ns0:subfield code="b">71b</ns0:subfield>
    <ns0:subfield code="c">Human rights questions, including alternative approaches for improving the effective enjoyment of human rights and fundamental freedoms.</ns0:subfield>
    <ns0:subfield code="d">HUMAN RIGHTS ADVANCEMENT</ns0:subfield>
    <ns0:subfield code="0">(DHLAUTH)934963</ns0:subfield>
  </ns0:datafield>
  <ns0:datafield tag="991" ind1="1" ind2=" ">
    <ns0:subfield code="a">A/78/251</ns0:subfield>
    <ns0:subfield code="b">71b[20]</ns0:subfield>
    <ns0:subfield code="d">ELECTION VERIFICATION--UN</ns0:subfield>
    <ns0:subfield code="z">I</ns0:subfield>
    <ns0:subfield code="0">(DHLAUTH)934976</ns0:subfield>
  </ns0:datafield>
  <ns0:datafield tag="993" ind1="3" ind2=" ">
    <ns0:subfield code="a">A/78/481/Add.2</ns0:subfield>
  </ns0:datafield>
  <ns0:datafield tag="999" ind1=" " ind2=" ">
    <ns0:subfield code="a">mmq20231110</ns0:subfield>
    <ns0:subfield code="b">20231110</ns0:subfield>
    <ns0:subfield code="c">q</ns0:subfield>
  </ns0:datafield>
  <ns0:datafield tag="999" ind1=" " ind2=" ">
    <ns0:subfield code="a">vvc20231110</ns0:subfield>
    <ns0:subfield code="b">20231110</ns0:subfield>
    <ns0:subfield code="c">c</ns0:subfield>
  </ns0:datafield>
  <ns0:datafield tag="999" ind1=" " ind2=" ">
    <ns0:subfield code="a">vvu2023113</ns0:subfield>
    <ns0:subfield code="b">20231113</ns0:subfield>
    <ns0:subfield code="c">u</ns0:subfield>
  </ns0:datafield>
  <ns0:datafield tag="999" ind1=" " ind2=" ">
    <ns0:subfield code="a">vwt20250516</ns0:subfield>
    <ns0:subfield code="b">20250516</ns0:subfield>
    <ns0:subfield code="c">t</ns0:subfield>
  </ns0:datafield>
</ns0:record>