

<ns0:record xmlns:ns0="http://www.loc.gov/MARC21/slim">
  <ns0:controlfield tag="000">00000nam a2200025#a ||||</ns0:controlfield>
  <ns0:controlfield tag="001">4026315</ns0:controlfield>
  <ns0:controlfield tag="005">20250516162349.0</ns0:controlfield>
  <ns0:datafield tag="029" ind1=" " ind2=" ">
    <ns0:subfield code="a">JN</ns0:subfield>
    <ns0:subfield code="b">N2321051 E</ns0:subfield>
  </ns0:datafield>
  <ns0:datafield tag="035" ind1=" " ind2=" ">
    <ns0:subfield code="a">(DHL)1387733</ns0:subfield>
  </ns0:datafield>
  <ns0:datafield tag="039" ind1=" " ind2=" ">
    <ns0:subfield code="a">DHU</ns0:subfield>
  </ns0:datafield>
  <ns0:datafield tag="040" ind1=" " ind2=" ">
    <ns0:subfield code="a">NNUN</ns0:subfield>
    <ns0:subfield code="b">eng</ns0:subfield>
  </ns0:datafield>
  <ns0:datafield tag="041" ind1="0" ind2=" ">
    <ns0:subfield code="a">eng</ns0:subfield>
  </ns0:datafield>
  <ns0:datafield tag="049" ind1=" " ind2=" ">
    <ns0:subfield code="a">usa</ns0:subfield>
  </ns0:datafield>
  <ns0:datafield tag="089" ind1=" " ind2=" ">
    <ns0:subfield code="b">B02</ns0:subfield>
  </ns0:datafield>
  <ns0:datafield tag="091" ind1=" " ind2=" ">
    <ns0:subfield code="a">LTD</ns0:subfield>
  </ns0:datafield>
  <ns0:datafield tag="099" ind1=" " ind2=" ">
    <ns0:subfield code="a">UNH</ns0:subfield>
    <ns0:subfield code="b">DHU</ns0:subfield>
  </ns0:datafield>
  <ns0:datafield tag="191" ind1=" " ind2=" ">
    <ns0:subfield code="a">A/C.3/78/L.43</ns0:subfield>
    <ns0:subfield code="b">A/</ns0:subfield>
    <ns0:subfield code="c">78</ns0:subfield>
    <ns0:subfield code="9">G10</ns0:subfield>
    <ns0:subfield code="0">(DHLAUTH)933608</ns0:subfield>
  </ns0:datafield>
  <ns0:datafield tag="245" ind1="1" ind2="0">
    <ns0:subfield code="a">Situation of human rights in the Syrian Arab Republic :</ns0:subfield>
    <ns0:subfield code="b">draft resolution /</ns0:subfield>
    <ns0:subfield code="c">Albania, Australia, Austria, Belgium, Canada, France, Georgia, Germany, Iceland, Ireland, Israel, Liechtenstein, Luxembourg, Marshall Islands, Micronesia (Federated States of), Netherlands (Kingdom of the), Qatar, Spain, Ukraine, United Kingdom of Great Britain and Northern Ireland and United States of America</ns0:subfield>
  </ns0:datafield>
  <ns0:datafield tag="260" ind1=" " ind2=" ">
    <ns0:subfield code="a">[New York] :</ns0:subfield>
    <ns0:subfield code="b">UN,</ns0:subfield>
    <ns0:subfield code="c">31 Oct. 2023</ns0:subfield>
  </ns0:datafield>
  <ns0:datafield tag="269" ind1=" " ind2=" ">
    <ns0:subfield code="a">2023-10-31</ns0:subfield>
  </ns0:datafield>
  <ns0:datafield tag="300" ind1=" " ind2=" ">
    <ns0:subfield code="a">17 p.</ns0:subfield>
  </ns0:datafield>
  <ns0:datafield tag="515" ind1=" " ind2=" ">
    <ns0:subfield code="a">Additional sponsors: Andorra, Bulgaria, Croatia, Cyprus, Czechia, Denmark, Estonia, Finland, Greece, Guatemala, Hungary, Italy, Japan, Latvia, Lithuania, Malta, Monaco, Montenegro, New Zealand, North Macedonia, Norway, Palau, Poland, Portugal, Republic of Korea, Republic of Moldova, Romania, San Marino, Slovakia, Slovenia, Sweden and Switzerland (A/78/481/Add.3).</ns0:subfield>
  </ns0:datafield>
  <ns0:datafield tag="610" ind1="2" ind2="7">
    <ns0:subfield code="a">Independent International Commission of Inquiry on the Syrian Arab Republic</ns0:subfield>
    <ns0:subfield code="2">unbisn</ns0:subfield>
    <ns0:subfield code="0">(DHLAUTH)811975</ns0:subfield>
  </ns0:datafield>
  <ns0:datafield tag="610" ind1="2" ind2="7">
    <ns0:subfield code="2">unbisn</ns0:subfield>
    <ns0:subfield code="a">Organisation for the Prohibition of Chemical Weapons</ns0:subfield>
    <ns0:subfield code="0">(DHLAUTH)98761</ns0:subfield>
  </ns0:datafield>
  <ns0:datafield tag="610" ind1="2" ind2="7">
    <ns0:subfield code="2">unbisn</ns0:subfield>
    <ns0:subfield code="a">International, Impartial and Independent Mechanism to Assist in the Investigation and Prosecution of Persons Responsible for the Most Serious Crimes under International Law Committed in the Syrian Arab Republic since March 2011</ns0:subfield>
    <ns0:subfield code="0">(DHLAUTH)881827</ns0:subfield>
  </ns0:datafield>
  <ns0:datafield tag="650" ind1="1" ind2="7">
    <ns0:subfield code="a">HUMAN RIGHTS IN ARMED CONFLICTS</ns0:subfield>
    <ns0:subfield code="2">unbist</ns0:subfield>
    <ns0:subfield code="0">(DHLAUTH)268831</ns0:subfield>
  </ns0:datafield>
  <ns0:datafield tag="650" ind1="1" ind2="7">
    <ns0:subfield code="a">HUMANITARIAN ASSISTANCE</ns0:subfield>
    <ns0:subfield code="2">unbist</ns0:subfield>
    <ns0:subfield code="0">(DHLAUTH)268768</ns0:subfield>
  </ns0:datafield>
  <ns0:datafield tag="650" ind1="1" ind2="7">
    <ns0:subfield code="2">unbist</ns0:subfield>
    <ns0:subfield code="a">TERRORISM</ns0:subfield>
    <ns0:subfield code="0">(DHLAUTH)268232</ns0:subfield>
  </ns0:datafield>
  <ns0:datafield tag="650" ind1="1" ind2="7">
    <ns0:subfield code="a">SYRIAN ARAB REPUBLIC</ns0:subfield>
    <ns0:subfield code="2">unbist</ns0:subfield>
    <ns0:subfield code="0">(DHLAUTH)273496</ns0:subfield>
  </ns0:datafield>
  <ns0:datafield tag="650" ind1="1" ind2="7">
    <ns0:subfield code="a">HUMAN RIGHTS VIOLATIONS</ns0:subfield>
    <ns0:subfield code="2">unbist</ns0:subfield>
    <ns0:subfield code="0">(DHLAUTH)274435</ns0:subfield>
  </ns0:datafield>
  <ns0:datafield tag="650" ind1="1" ind2="7">
    <ns0:subfield code="a">CHEMICAL WEAPONS USE</ns0:subfield>
    <ns0:subfield code="2">unbist</ns0:subfield>
    <ns0:subfield code="0">(DHLAUTH)268862</ns0:subfield>
  </ns0:datafield>
  <ns0:datafield tag="710" ind1="2" ind2=" ">
    <ns0:subfield code="a">Albania</ns0:subfield>
    <ns0:subfield code="0">(DHLAUTH)103802</ns0:subfield>
  </ns0:datafield>
  <ns0:datafield tag="710" ind1="2" ind2=" ">
    <ns0:subfield code="a">Australia</ns0:subfield>
    <ns0:subfield code="0">(DHLAUTH)39645</ns0:subfield>
  </ns0:datafield>
  <ns0:datafield tag="710" ind1="2" ind2=" ">
    <ns0:subfield code="a">Austria</ns0:subfield>
    <ns0:subfield code="0">(DHLAUTH)71959</ns0:subfield>
  </ns0:datafield>
  <ns0:datafield tag="710" ind1="2" ind2=" ">
    <ns0:subfield code="a">Belgium</ns0:subfield>
    <ns0:subfield code="0">(DHLAUTH)58943</ns0:subfield>
  </ns0:datafield>
  <ns0:datafield tag="710" ind1="2" ind2=" ">
    <ns0:subfield code="a">Canada</ns0:subfield>
    <ns0:subfield code="0">(DHLAUTH)202233</ns0:subfield>
  </ns0:datafield>
  <ns0:datafield tag="710" ind1="2" ind2=" ">
    <ns0:subfield code="a">France</ns0:subfield>
    <ns0:subfield code="0">(DHLAUTH)60043</ns0:subfield>
  </ns0:datafield>
  <ns0:datafield tag="710" ind1="2" ind2=" ">
    <ns0:subfield code="a">Georgia</ns0:subfield>
    <ns0:subfield code="0">(DHLAUTH)147846</ns0:subfield>
  </ns0:datafield>
  <ns0:datafield tag="710" ind1="2" ind2=" ">
    <ns0:subfield code="a">Germany</ns0:subfield>
    <ns0:subfield code="0">(DHLAUTH)72242</ns0:subfield>
  </ns0:datafield>
  <ns0:datafield tag="710" ind1="2" ind2=" ">
    <ns0:subfield code="a">Ireland</ns0:subfield>
    <ns0:subfield code="0">(DHLAUTH)72475</ns0:subfield>
  </ns0:datafield>
  <ns0:datafield tag="710" ind1="2" ind2=" ">
    <ns0:subfield code="a">Iceland</ns0:subfield>
    <ns0:subfield code="0">(DHLAUTH)72299</ns0:subfield>
  </ns0:datafield>
  <ns0:datafield tag="710" ind1="2" ind2=" ">
    <ns0:subfield code="a">Israel</ns0:subfield>
    <ns0:subfield code="0">(DHLAUTH)72481</ns0:subfield>
  </ns0:datafield>
  <ns0:datafield tag="710" ind1="2" ind2=" ">
    <ns0:subfield code="a">Liechtenstein</ns0:subfield>
    <ns0:subfield code="0">(DHLAUTH)78060</ns0:subfield>
  </ns0:datafield>
  <ns0:datafield tag="710" ind1="2" ind2=" ">
    <ns0:subfield code="a">Luxembourg</ns0:subfield>
    <ns0:subfield code="0">(DHLAUTH)39895</ns0:subfield>
  </ns0:datafield>
  <ns0:datafield tag="710" ind1="2" ind2=" ">
    <ns0:subfield code="a">Marshall Islands</ns0:subfield>
    <ns0:subfield code="0">(DHLAUTH)146542</ns0:subfield>
  </ns0:datafield>
  <ns0:datafield tag="710" ind1="2" ind2=" ">
    <ns0:subfield code="a">Micronesia (Federated States of)</ns0:subfield>
    <ns0:subfield code="0">(DHLAUTH)78054</ns0:subfield>
  </ns0:datafield>
  <ns0:datafield tag="710" ind1="2" ind2=" ">
    <ns0:subfield code="a">Netherlands (Kingdom of the)</ns0:subfield>
    <ns0:subfield code="0">(DHLAUTH)935619</ns0:subfield>
  </ns0:datafield>
  <ns0:datafield tag="710" ind1="2" ind2=" ">
    <ns0:subfield code="a">Qatar</ns0:subfield>
    <ns0:subfield code="0">(DHLAUTH)40037</ns0:subfield>
  </ns0:datafield>
  <ns0:datafield tag="710" ind1="2" ind2=" ">
    <ns0:subfield code="a">Spain</ns0:subfield>
    <ns0:subfield code="0">(DHLAUTH)72857</ns0:subfield>
  </ns0:datafield>
  <ns0:datafield tag="710" ind1="2" ind2=" ">
    <ns0:subfield code="a">Ukraine</ns0:subfield>
    <ns0:subfield code="0">(DHLAUTH)28897</ns0:subfield>
  </ns0:datafield>
  <ns0:datafield tag="710" ind1="2" ind2=" ">
    <ns0:subfield code="a">United Kingdom</ns0:subfield>
    <ns0:subfield code="0">(DHLAUTH)28884</ns0:subfield>
  </ns0:datafield>
  <ns0:datafield tag="710" ind1="2" ind2=" ">
    <ns0:subfield code="a">United States</ns0:subfield>
    <ns0:subfield code="0">(DHLAUTH)28824</ns0:subfield>
  </ns0:datafield>
  <ns0:datafield tag="793" ind1=" " ind2=" ">
    <ns0:subfield code="a">03</ns0:subfield>
  </ns0:datafield>
  <ns0:datafield tag="856" ind1="4" ind2=" ">
    <ns0:subfield code="y">العربية</ns0:subfield>
    <ns0:subfield code="9">3d31be3b-be01-46ee-b163-e76f55cbb43f</ns0:subfield>
    <ns0:subfield code="s">571872</ns0:subfield>
    <ns0:subfield code="u">https://digitallibrary.un.org/record/4026315/files/A_C.3_78_L.43-AR.pdf</ns0:subfield>
  </ns0:datafield>
  <ns0:datafield tag="856" ind1="4" ind2=" ">
    <ns0:subfield code="y">中文</ns0:subfield>
    <ns0:subfield code="9">1440b1d1-1098-436c-ad87-5242203a6cff</ns0:subfield>
    <ns0:subfield code="s">631948</ns0:subfield>
    <ns0:subfield code="u">https://digitallibrary.un.org/record/4026315/files/A_C.3_78_L.43-ZH.pdf</ns0:subfield>
  </ns0:datafield>
  <ns0:datafield tag="856" ind1="4" ind2=" ">
    <ns0:subfield code="y">English</ns0:subfield>
    <ns0:subfield code="9">4af771ab-1ae3-4105-b05a-9e57fe4279aa</ns0:subfield>
    <ns0:subfield code="s">330506</ns0:subfield>
    <ns0:subfield code="u">https://digitallibrary.un.org/record/4026315/files/A_C.3_78_L.43-EN.pdf</ns0:subfield>
  </ns0:datafield>
  <ns0:datafield tag="856" ind1="4" ind2=" ">
    <ns0:subfield code="y">Français</ns0:subfield>
    <ns0:subfield code="9">b1824e78-757b-40fd-802c-7a8563a61392</ns0:subfield>
    <ns0:subfield code="s">378870</ns0:subfield>
    <ns0:subfield code="u">https://digitallibrary.un.org/record/4026315/files/A_C.3_78_L.43-FR.pdf</ns0:subfield>
  </ns0:datafield>
  <ns0:datafield tag="856" ind1="4" ind2=" ">
    <ns0:subfield code="y">Русский</ns0:subfield>
    <ns0:subfield code="9">86365791-2951-44d5-838e-dfa8d7f18d7d</ns0:subfield>
    <ns0:subfield code="s">441843</ns0:subfield>
    <ns0:subfield code="u">https://digitallibrary.un.org/record/4026315/files/A_C.3_78_L.43-RU.pdf</ns0:subfield>
  </ns0:datafield>
  <ns0:datafield tag="856" ind1="4" ind2=" ">
    <ns0:subfield code="y">Español</ns0:subfield>
    <ns0:subfield code="9">d17b316b-377b-43d7-a107-5aabb2cd4f82</ns0:subfield>
    <ns0:subfield code="s">347900</ns0:subfield>
    <ns0:subfield code="u">https://digitallibrary.un.org/record/4026315/files/A_C.3_78_L.43-ES.pdf</ns0:subfield>
  </ns0:datafield>
  <ns0:datafield tag="930" ind1=" " ind2=" ">
    <ns0:subfield code="a">UNDNO23</ns0:subfield>
  </ns0:datafield>
  <ns0:datafield tag="980" ind1=" " ind2=" ">
    <ns0:subfield code="a">BIB</ns0:subfield>
  </ns0:datafield>
  <ns0:datafield tag="981" ind1=" " ind2=" ">
    <ns0:subfield code="a">General Assembly</ns0:subfield>
    <ns0:subfield code="b">3rd Committee</ns0:subfield>
  </ns0:datafield>
  <ns0:datafield tag="989" ind1=" " ind2=" ">
    <ns0:subfield code="a">Documents and Publications</ns0:subfield>
    <ns0:subfield code="b">Draft Resolutions and Decisions</ns0:subfield>
  </ns0:datafield>
  <ns0:datafield tag="991" ind1="1" ind2=" ">
    <ns0:subfield code="a">A/78/251</ns0:subfield>
    <ns0:subfield code="b">71c</ns0:subfield>
    <ns0:subfield code="c">Human rights situations and reports of special rapporteurs and representatives.</ns0:subfield>
    <ns0:subfield code="d">HUMAN RIGHTS--REPORTS</ns0:subfield>
    <ns0:subfield code="0">(DHLAUTH)935005</ns0:subfield>
  </ns0:datafield>
  <ns0:datafield tag="991" ind1="1" ind2=" ">
    <ns0:subfield code="a">A/78/251</ns0:subfield>
    <ns0:subfield code="b">71c[9]</ns0:subfield>
    <ns0:subfield code="d">HUMAN RIGHTS--SYRIAN ARAB REPUBLIC</ns0:subfield>
    <ns0:subfield code="z">I</ns0:subfield>
    <ns0:subfield code="0">(DHLAUTH)935015</ns0:subfield>
  </ns0:datafield>
  <ns0:datafield tag="993" ind1="1" ind2=" ">
    <ns0:subfield code="a">A/RES/78/222</ns0:subfield>
  </ns0:datafield>
  <ns0:datafield tag="993" ind1="3" ind2=" ">
    <ns0:subfield code="a">A/78/481/Add.3</ns0:subfield>
  </ns0:datafield>
  <ns0:datafield tag="999" ind1=" " ind2=" ">
    <ns0:subfield code="a">pnq20231108</ns0:subfield>
    <ns0:subfield code="b">20231108</ns0:subfield>
    <ns0:subfield code="c">q</ns0:subfield>
  </ns0:datafield>
  <ns0:datafield tag="999" ind1=" " ind2=" ">
    <ns0:subfield code="a">vvc20231108</ns0:subfield>
    <ns0:subfield code="b">20231108</ns0:subfield>
    <ns0:subfield code="c">c</ns0:subfield>
  </ns0:datafield>
  <ns0:datafield tag="999" ind1=" " ind2=" ">
    <ns0:subfield code="a">vwt20250516</ns0:subfield>
    <ns0:subfield code="b">20250516</ns0:subfield>
    <ns0:subfield code="c">t</ns0:subfield>
  </ns0:datafield>
</ns0:record>