

<ns0:record xmlns:ns0="http://www.loc.gov/MARC21/slim">
  <ns0:controlfield tag="000">00000nam a2200025#a ||||</ns0:controlfield>
  <ns0:controlfield tag="001">4025977</ns0:controlfield>
  <ns0:controlfield tag="005">20250516162252.0</ns0:controlfield>
  <ns0:datafield tag="029" ind1=" " ind2=" ">
    <ns0:subfield code="a">JN</ns0:subfield>
    <ns0:subfield code="b">N2321046 E</ns0:subfield>
  </ns0:datafield>
  <ns0:datafield tag="035" ind1=" " ind2=" ">
    <ns0:subfield code="a">(DHL)1387492</ns0:subfield>
  </ns0:datafield>
  <ns0:datafield tag="039" ind1=" " ind2=" ">
    <ns0:subfield code="a">DHU</ns0:subfield>
  </ns0:datafield>
  <ns0:datafield tag="040" ind1=" " ind2=" ">
    <ns0:subfield code="a">NNUN</ns0:subfield>
    <ns0:subfield code="b">eng</ns0:subfield>
  </ns0:datafield>
  <ns0:datafield tag="041" ind1="0" ind2=" ">
    <ns0:subfield code="a">eng</ns0:subfield>
  </ns0:datafield>
  <ns0:datafield tag="049" ind1=" " ind2=" ">
    <ns0:subfield code="a">usa</ns0:subfield>
  </ns0:datafield>
  <ns0:datafield tag="089" ind1=" " ind2=" ">
    <ns0:subfield code="b">B02</ns0:subfield>
  </ns0:datafield>
  <ns0:datafield tag="091" ind1=" " ind2=" ">
    <ns0:subfield code="a">LTD</ns0:subfield>
  </ns0:datafield>
  <ns0:datafield tag="099" ind1=" " ind2=" ">
    <ns0:subfield code="a">UNH</ns0:subfield>
    <ns0:subfield code="b">DHU</ns0:subfield>
  </ns0:datafield>
  <ns0:datafield tag="191" ind1=" " ind2=" ">
    <ns0:subfield code="a">A/C.3/78/L.35</ns0:subfield>
    <ns0:subfield code="b">A/</ns0:subfield>
    <ns0:subfield code="c">78</ns0:subfield>
    <ns0:subfield code="9">G10</ns0:subfield>
    <ns0:subfield code="0">(DHLAUTH)933608</ns0:subfield>
  </ns0:datafield>
  <ns0:datafield tag="245" ind1="1" ind2="4">
    <ns0:subfield code="a">The right to food :</ns0:subfield>
    <ns0:subfield code="b">draft resolution /</ns0:subfield>
    <ns0:subfield code="c">Antigua and Barbuda, Belarus, Brazil, Central African Republic, China, Cuba, Democratic People's Republic of Korea, Equatorial Guinea, Haiti, Jordan, Lao People's Democratic Republic, Portugal, Qatar, Russian Federation, Sudan, Syrian Arab Republic, Venezuela (Bolivarian Republic of) and Viet Nam</ns0:subfield>
  </ns0:datafield>
  <ns0:datafield tag="260" ind1=" " ind2=" ">
    <ns0:subfield code="a">[New York] :</ns0:subfield>
    <ns0:subfield code="b">UN,</ns0:subfield>
    <ns0:subfield code="c">30 Oct. 2023</ns0:subfield>
  </ns0:datafield>
  <ns0:datafield tag="269" ind1=" " ind2=" ">
    <ns0:subfield code="a">2023-10-30</ns0:subfield>
  </ns0:datafield>
  <ns0:datafield tag="300" ind1=" " ind2=" ">
    <ns0:subfield code="a">13 p.</ns0:subfield>
  </ns0:datafield>
  <ns0:datafield tag="515" ind1=" " ind2=" ">
    <ns0:subfield code="a">Additional sponsors: Algeria, Andorra, Angola, Armenia, Austria, Bangladesh, Belgium, Belize, Bolivia (Plurinational State of), Bosnia and Herzegovina, Bulgaria, Burkina Faso, Burundi, Cabo Verde, Cambodia, Cameroon, Chad, Colombia, Comoros, Congo, Costa Rica, Croatia, Cyprus, Czechia, Democratic Republic of the Congo, Denmark, Djibouti, Dominican Republic, Ecuador, Egypt, El Salvador, Eritrea, Estonia, Finland, Gambia, Germany, Greece, Guinea, Guyana, Honduras, Hungary, Iceland, India, Indonesia, Ireland, Italy, Jamaica, Kazakhstan, Kenya, Kiribati, Latvia, Lebanon, Lesotho, Liechtenstein, Lithuania, Luxembourg, Malaysia, Maldives, Mali, Malta, Mexico, Monaco, Mongolia, Morocco, Myanmar, Namibia, Nepal, Netherlands (Kingdom of the), Nicaragua, Niger, Nigeria, Norway, Pakistan, Panama, Paraguay, Peru, Philippines, Poland, Republic of Moldova, Romania, Rwanda, Saint Lucia, Saint Vincent and the Grenadines, San Marino, Senegal, Serbia, Slovakia, Slovenia, South Africa, Spain, Sri Lanka, Suriname, Sweden, Switzerland, Tajikistan, Thailand, Timor-Leste, Trinidad and Tobago, Tunisia, Türkiye, Uganda, United Republic of Tanzania, Zambia and Zimbabwe (A/78/481/Add.2).</ns0:subfield>
  </ns0:datafield>
  <ns0:datafield tag="610" ind1=" " ind2=" ">
    <ns0:subfield code="a">UN. Human Rights Council. Special Rapporteur on the Right to Food</ns0:subfield>
    <ns0:subfield code="0">(DHLAUTH)715554</ns0:subfield>
  </ns0:datafield>
  <ns0:datafield tag="650" ind1="1" ind2="7">
    <ns0:subfield code="a">RIGHT TO FOOD</ns0:subfield>
    <ns0:subfield code="2">unbist</ns0:subfield>
    <ns0:subfield code="0">(DHLAUTH)273655</ns0:subfield>
  </ns0:datafield>
  <ns0:datafield tag="650" ind1="1" ind2="7">
    <ns0:subfield code="a">HUNGER</ns0:subfield>
    <ns0:subfield code="2">unbist</ns0:subfield>
    <ns0:subfield code="0">(DHLAUTH)273675</ns0:subfield>
  </ns0:datafield>
  <ns0:datafield tag="650" ind1="1" ind2="7">
    <ns0:subfield code="a">MALNUTRITION</ns0:subfield>
    <ns0:subfield code="2">unbist</ns0:subfield>
    <ns0:subfield code="0">(DHLAUTH)273638</ns0:subfield>
  </ns0:datafield>
  <ns0:datafield tag="650" ind1="1" ind2="7">
    <ns0:subfield code="a">FOOD SECURITY</ns0:subfield>
    <ns0:subfield code="2">unbist</ns0:subfield>
    <ns0:subfield code="0">(DHLAUTH)273653</ns0:subfield>
  </ns0:datafield>
  <ns0:datafield tag="650" ind1="1" ind2="7">
    <ns0:subfield code="a">FOOD POLICY</ns0:subfield>
    <ns0:subfield code="2">unbist</ns0:subfield>
    <ns0:subfield code="0">(DHLAUTH)271365</ns0:subfield>
  </ns0:datafield>
  <ns0:datafield tag="710" ind1="2" ind2=" ">
    <ns0:subfield code="a">Antigua and Barbuda</ns0:subfield>
    <ns0:subfield code="0">(DHLAUTH)77692</ns0:subfield>
  </ns0:datafield>
  <ns0:datafield tag="710" ind1="2" ind2=" ">
    <ns0:subfield code="a">Belarus</ns0:subfield>
    <ns0:subfield code="0">(DHLAUTH)189147</ns0:subfield>
  </ns0:datafield>
  <ns0:datafield tag="710" ind1="2" ind2=" ">
    <ns0:subfield code="a">Brazil</ns0:subfield>
    <ns0:subfield code="0">(DHLAUTH)59069</ns0:subfield>
  </ns0:datafield>
  <ns0:datafield tag="710" ind1="2" ind2=" ">
    <ns0:subfield code="a">Central African Republic</ns0:subfield>
    <ns0:subfield code="0">(DHLAUTH)72057</ns0:subfield>
  </ns0:datafield>
  <ns0:datafield tag="710" ind1="2" ind2=" ">
    <ns0:subfield code="a">China</ns0:subfield>
    <ns0:subfield code="0">(DHLAUTH)72079</ns0:subfield>
  </ns0:datafield>
  <ns0:datafield tag="710" ind1="2" ind2=" ">
    <ns0:subfield code="a">Cuba</ns0:subfield>
    <ns0:subfield code="0">(DHLAUTH)72139</ns0:subfield>
  </ns0:datafield>
  <ns0:datafield tag="710" ind1="2" ind2=" ">
    <ns0:subfield code="a">Democratic People's Republic of Korea</ns0:subfield>
    <ns0:subfield code="0">(DHLAUTH)72153</ns0:subfield>
  </ns0:datafield>
  <ns0:datafield tag="710" ind1="2" ind2=" ">
    <ns0:subfield code="a">Equatorial Guinea</ns0:subfield>
    <ns0:subfield code="0">(DHLAUTH)45185</ns0:subfield>
  </ns0:datafield>
  <ns0:datafield tag="710" ind1="2" ind2=" ">
    <ns0:subfield code="a">Haiti</ns0:subfield>
    <ns0:subfield code="0">(DHLAUTH)72289</ns0:subfield>
  </ns0:datafield>
  <ns0:datafield tag="710" ind1="2" ind2=" ">
    <ns0:subfield code="a">Jordan</ns0:subfield>
    <ns0:subfield code="0">(DHLAUTH)39861</ns0:subfield>
  </ns0:datafield>
  <ns0:datafield tag="710" ind1="2" ind2=" ">
    <ns0:subfield code="a">Lao People's Democratic Republic</ns0:subfield>
    <ns0:subfield code="0">(DHLAUTH)72517</ns0:subfield>
  </ns0:datafield>
  <ns0:datafield tag="710" ind1="2" ind2=" ">
    <ns0:subfield code="a">Portugal</ns0:subfield>
    <ns0:subfield code="0">(DHLAUTH)40035</ns0:subfield>
  </ns0:datafield>
  <ns0:datafield tag="710" ind1="2" ind2=" ">
    <ns0:subfield code="a">Qatar</ns0:subfield>
    <ns0:subfield code="0">(DHLAUTH)40037</ns0:subfield>
  </ns0:datafield>
  <ns0:datafield tag="710" ind1="2" ind2=" ">
    <ns0:subfield code="a">Russian Federation</ns0:subfield>
    <ns0:subfield code="0">(DHLAUTH)123729</ns0:subfield>
  </ns0:datafield>
  <ns0:datafield tag="710" ind1="2" ind2=" ">
    <ns0:subfield code="a">Sudan</ns0:subfield>
    <ns0:subfield code="0">(DHLAUTH)40061</ns0:subfield>
  </ns0:datafield>
  <ns0:datafield tag="710" ind1="2" ind2=" ">
    <ns0:subfield code="a">Syrian Arab Republic</ns0:subfield>
    <ns0:subfield code="0">(DHLAUTH)72879</ns0:subfield>
  </ns0:datafield>
  <ns0:datafield tag="710" ind1="2" ind2=" ">
    <ns0:subfield code="a">Venezuela (Bolivarian Republic of)</ns0:subfield>
    <ns0:subfield code="0">(DHLAUTH)677684</ns0:subfield>
  </ns0:datafield>
  <ns0:datafield tag="710" ind1="2" ind2=" ">
    <ns0:subfield code="a">Viet Nam</ns0:subfield>
    <ns0:subfield code="0">(DHLAUTH)74708</ns0:subfield>
  </ns0:datafield>
  <ns0:datafield tag="793" ind1=" " ind2=" ">
    <ns0:subfield code="a">03</ns0:subfield>
  </ns0:datafield>
  <ns0:datafield tag="856" ind1="4" ind2=" ">
    <ns0:subfield code="y">العربية</ns0:subfield>
    <ns0:subfield code="9">69203e0c-4e7e-438a-adec-52bc9804e445</ns0:subfield>
    <ns0:subfield code="s">462882</ns0:subfield>
    <ns0:subfield code="u">https://digitallibrary.un.org/record/4025977/files/A_C.3_78_L.35-AR.pdf</ns0:subfield>
  </ns0:datafield>
  <ns0:datafield tag="856" ind1="4" ind2=" ">
    <ns0:subfield code="y">中文</ns0:subfield>
    <ns0:subfield code="9">5b877732-8be1-4764-86a7-7718765fc39a</ns0:subfield>
    <ns0:subfield code="s">550790</ns0:subfield>
    <ns0:subfield code="u">https://digitallibrary.un.org/record/4025977/files/A_C.3_78_L.35-ZH.pdf</ns0:subfield>
  </ns0:datafield>
  <ns0:datafield tag="856" ind1="4" ind2=" ">
    <ns0:subfield code="y">English</ns0:subfield>
    <ns0:subfield code="9">3aa6a1af-737e-4e0e-a1e7-12ee85ced457</ns0:subfield>
    <ns0:subfield code="s">306258</ns0:subfield>
    <ns0:subfield code="u">https://digitallibrary.un.org/record/4025977/files/A_C.3_78_L.35-EN.pdf</ns0:subfield>
  </ns0:datafield>
  <ns0:datafield tag="856" ind1="4" ind2=" ">
    <ns0:subfield code="y">Français</ns0:subfield>
    <ns0:subfield code="9">2544d1a2-c1cd-40b5-bec2-cbce87f43599</ns0:subfield>
    <ns0:subfield code="s">337984</ns0:subfield>
    <ns0:subfield code="u">https://digitallibrary.un.org/record/4025977/files/A_C.3_78_L.35-FR.pdf</ns0:subfield>
  </ns0:datafield>
  <ns0:datafield tag="856" ind1="4" ind2=" ">
    <ns0:subfield code="y">Русский</ns0:subfield>
    <ns0:subfield code="9">a9ccb598-edf7-47a1-a37e-c6620f2e8677</ns0:subfield>
    <ns0:subfield code="s">363362</ns0:subfield>
    <ns0:subfield code="u">https://digitallibrary.un.org/record/4025977/files/A_C.3_78_L.35-RU.pdf</ns0:subfield>
  </ns0:datafield>
  <ns0:datafield tag="856" ind1="4" ind2=" ">
    <ns0:subfield code="y">Español</ns0:subfield>
    <ns0:subfield code="9">c46c4c34-05a3-407a-bc0d-f7a661b95fcd</ns0:subfield>
    <ns0:subfield code="s">301342</ns0:subfield>
    <ns0:subfield code="u">https://digitallibrary.un.org/record/4025977/files/A_C.3_78_L.35-ES.pdf</ns0:subfield>
  </ns0:datafield>
  <ns0:datafield tag="930" ind1=" " ind2=" ">
    <ns0:subfield code="a">UNDNO23</ns0:subfield>
  </ns0:datafield>
  <ns0:datafield tag="980" ind1=" " ind2=" ">
    <ns0:subfield code="a">BIB</ns0:subfield>
  </ns0:datafield>
  <ns0:datafield tag="981" ind1=" " ind2=" ">
    <ns0:subfield code="a">General Assembly</ns0:subfield>
    <ns0:subfield code="b">3rd Committee</ns0:subfield>
  </ns0:datafield>
  <ns0:datafield tag="989" ind1=" " ind2=" ">
    <ns0:subfield code="a">Documents and Publications</ns0:subfield>
    <ns0:subfield code="b">Draft Resolutions and Decisions</ns0:subfield>
  </ns0:datafield>
  <ns0:datafield tag="991" ind1="1" ind2=" ">
    <ns0:subfield code="a">A/78/251</ns0:subfield>
    <ns0:subfield code="b">71b</ns0:subfield>
    <ns0:subfield code="c">Human rights questions, including alternative approaches for improving the effective enjoyment of human rights and fundamental freedoms.</ns0:subfield>
    <ns0:subfield code="d">HUMAN RIGHTS ADVANCEMENT</ns0:subfield>
    <ns0:subfield code="0">(DHLAUTH)934963</ns0:subfield>
  </ns0:datafield>
  <ns0:datafield tag="991" ind1="1" ind2=" ">
    <ns0:subfield code="a">A/78/251</ns0:subfield>
    <ns0:subfield code="b">71b[5]</ns0:subfield>
    <ns0:subfield code="d">RIGHT TO FOOD</ns0:subfield>
    <ns0:subfield code="z">I</ns0:subfield>
    <ns0:subfield code="0">(DHLAUTH)935001</ns0:subfield>
  </ns0:datafield>
  <ns0:datafield tag="993" ind1="1" ind2=" ">
    <ns0:subfield code="a">A/RES/78/198</ns0:subfield>
  </ns0:datafield>
  <ns0:datafield tag="993" ind1="3" ind2=" ">
    <ns0:subfield code="a">A/78/481/Add.2</ns0:subfield>
  </ns0:datafield>
  <ns0:datafield tag="999" ind1=" " ind2=" ">
    <ns0:subfield code="a">pnq20231106</ns0:subfield>
    <ns0:subfield code="b">20231106</ns0:subfield>
    <ns0:subfield code="c">q</ns0:subfield>
  </ns0:datafield>
  <ns0:datafield tag="999" ind1=" " ind2=" ">
    <ns0:subfield code="a">vvc20231106</ns0:subfield>
    <ns0:subfield code="b">20231106</ns0:subfield>
    <ns0:subfield code="c">c</ns0:subfield>
  </ns0:datafield>
  <ns0:datafield tag="999" ind1=" " ind2=" ">
    <ns0:subfield code="a">aru20231222</ns0:subfield>
    <ns0:subfield code="b">20231222</ns0:subfield>
    <ns0:subfield code="c">u</ns0:subfield>
  </ns0:datafield>
  <ns0:datafield tag="999" ind1=" " ind2=" ">
    <ns0:subfield code="a">vwt20250516</ns0:subfield>
    <ns0:subfield code="b">20250516</ns0:subfield>
    <ns0:subfield code="c">t</ns0:subfield>
  </ns0:datafield>
</ns0:record>