

<ns0:record xmlns:ns0="http://www.loc.gov/MARC21/slim">
  <ns0:controlfield tag="000">00000nam a2200025#a ||||</ns0:controlfield>
  <ns0:controlfield tag="001">4026915</ns0:controlfield>
  <ns0:controlfield tag="005">20250516162639.0</ns0:controlfield>
  <ns0:datafield tag="029" ind1=" " ind2=" ">
    <ns0:subfield code="a">JN</ns0:subfield>
    <ns0:subfield code="b">N2321774 E</ns0:subfield>
  </ns0:datafield>
  <ns0:datafield tag="035" ind1=" " ind2=" ">
    <ns0:subfield code="a">(DHL)1388295</ns0:subfield>
  </ns0:datafield>
  <ns0:datafield tag="039" ind1=" " ind2=" ">
    <ns0:subfield code="a">DHU</ns0:subfield>
  </ns0:datafield>
  <ns0:datafield tag="040" ind1=" " ind2=" ">
    <ns0:subfield code="a">NNUN</ns0:subfield>
    <ns0:subfield code="b">eng</ns0:subfield>
  </ns0:datafield>
  <ns0:datafield tag="041" ind1="0" ind2=" ">
    <ns0:subfield code="a">eng</ns0:subfield>
  </ns0:datafield>
  <ns0:datafield tag="049" ind1=" " ind2=" ">
    <ns0:subfield code="a">usa</ns0:subfield>
  </ns0:datafield>
  <ns0:datafield tag="089" ind1=" " ind2=" ">
    <ns0:subfield code="b">B02</ns0:subfield>
  </ns0:datafield>
  <ns0:datafield tag="091" ind1=" " ind2=" ">
    <ns0:subfield code="a">LTD</ns0:subfield>
  </ns0:datafield>
  <ns0:datafield tag="099" ind1=" " ind2=" ">
    <ns0:subfield code="a">UNH</ns0:subfield>
    <ns0:subfield code="b">DHU</ns0:subfield>
  </ns0:datafield>
  <ns0:datafield tag="191" ind1=" " ind2=" ">
    <ns0:subfield code="a">A/C.3/78/L.9/Rev.1</ns0:subfield>
    <ns0:subfield code="b">A/</ns0:subfield>
    <ns0:subfield code="c">78</ns0:subfield>
    <ns0:subfield code="9">G10</ns0:subfield>
    <ns0:subfield code="0">(DHLAUTH)933608</ns0:subfield>
  </ns0:datafield>
  <ns0:datafield tag="245" ind1="1" ind2="0">
    <ns0:subfield code="a">Addressing the challenges of persons living with a rare disease and their families :</ns0:subfield>
    <ns0:subfield code="b">revised draft resolution /</ns0:subfield>
    <ns0:subfield code="c">Argentina, Armenia, Brazil, Burundi, Cyprus, Ecuador, Equatorial Guinea, Honduras, Kuwait, Mauritania, Mongolia, Myanmar, Paraguay, Qatar, Spain, Tunisia, Türkiye, Venezuela (Bolivarian Republic of) and Viet Nam</ns0:subfield>
  </ns0:datafield>
  <ns0:datafield tag="260" ind1=" " ind2=" ">
    <ns0:subfield code="a">[New York] :</ns0:subfield>
    <ns0:subfield code="b">UN,</ns0:subfield>
    <ns0:subfield code="c">8 Nov. 2023</ns0:subfield>
  </ns0:datafield>
  <ns0:datafield tag="269" ind1=" " ind2=" ">
    <ns0:subfield code="a">2023-11-08</ns0:subfield>
  </ns0:datafield>
  <ns0:datafield tag="300" ind1=" " ind2=" ">
    <ns0:subfield code="a">6 p.</ns0:subfield>
  </ns0:datafield>
  <ns0:datafield tag="515" ind1=" " ind2=" ">
    <ns0:subfield code="a">Additional sponsors: Afghanistan, Algeria, Austria, Belgium, Bolivia (Plurinational State of), Bosnia and Herzegovina, Bulgaria, Burkina Faso, Cabo Verde, Chad, Colombia, Congo, Costa Rica, Côte d'Ivoire, Djibouti, Dominican Republic, El Salvador, France, Germany, Greece, Guatemala, Haiti, Ireland, Italy, Jordan, Kiribati, Latvia, Lebanon, Luxembourg, Malawi, Mali, Malta, Morocco, Namibia, Niger, Panama, Peru, Poland, Portugal, Slovenia, South Africa, Sweden, Switzerland, Thailand and Ukraine (A/78/472).</ns0:subfield>
  </ns0:datafield>
  <ns0:datafield tag="650" ind1="1" ind2="7">
    <ns0:subfield code="2">unbist</ns0:subfield>
    <ns0:subfield code="a">HEALTH SERVICES</ns0:subfield>
    <ns0:subfield code="0">(DHLAUTH)273200</ns0:subfield>
  </ns0:datafield>
  <ns0:datafield tag="650" ind1="1" ind2="7">
    <ns0:subfield code="2">unbist</ns0:subfield>
    <ns0:subfield code="a">CHRONIC DISEASES</ns0:subfield>
    <ns0:subfield code="0">(DHLAUTH)273834</ns0:subfield>
  </ns0:datafield>
  <ns0:datafield tag="650" ind1="1" ind2="7">
    <ns0:subfield code="2">unbist</ns0:subfield>
    <ns0:subfield code="a">ANTI-DISCRIMINATION MEASURES</ns0:subfield>
    <ns0:subfield code="0">(DHLAUTH)610794</ns0:subfield>
  </ns0:datafield>
  <ns0:datafield tag="650" ind1="1" ind2="7">
    <ns0:subfield code="2">unbist</ns0:subfield>
    <ns0:subfield code="a">REPORT PREPARATION</ns0:subfield>
    <ns0:subfield code="0">(DHLAUTH)275139</ns0:subfield>
  </ns0:datafield>
  <ns0:datafield tag="710" ind1=" " ind2=" ">
    <ns0:subfield code="a">Argentina</ns0:subfield>
    <ns0:subfield code="9">ms</ns0:subfield>
    <ns0:subfield code="0">(DHLAUTH)71947</ns0:subfield>
  </ns0:datafield>
  <ns0:datafield tag="710" ind1=" " ind2=" ">
    <ns0:subfield code="a">Armenia</ns0:subfield>
    <ns0:subfield code="9">ms</ns0:subfield>
    <ns0:subfield code="0">(DHLAUTH)198887</ns0:subfield>
  </ns0:datafield>
  <ns0:datafield tag="710" ind1="2" ind2=" ">
    <ns0:subfield code="a">Brazil</ns0:subfield>
    <ns0:subfield code="0">(DHLAUTH)59069</ns0:subfield>
  </ns0:datafield>
  <ns0:datafield tag="710" ind1=" " ind2=" ">
    <ns0:subfield code="a">Burundi</ns0:subfield>
    <ns0:subfield code="9">ms</ns0:subfield>
    <ns0:subfield code="0">(DHLAUTH)72009</ns0:subfield>
  </ns0:datafield>
  <ns0:datafield tag="710" ind1=" " ind2=" ">
    <ns0:subfield code="a">Cyprus</ns0:subfield>
    <ns0:subfield code="9">ms</ns0:subfield>
    <ns0:subfield code="0">(DHLAUTH)72141</ns0:subfield>
  </ns0:datafield>
  <ns0:datafield tag="710" ind1=" " ind2=" ">
    <ns0:subfield code="a">Ecuador</ns0:subfield>
    <ns0:subfield code="9">ms</ns0:subfield>
    <ns0:subfield code="0">(DHLAUTH)72163</ns0:subfield>
  </ns0:datafield>
  <ns0:datafield tag="710" ind1=" " ind2=" ">
    <ns0:subfield code="a">Equatorial Guinea</ns0:subfield>
    <ns0:subfield code="9">ms</ns0:subfield>
    <ns0:subfield code="0">(DHLAUTH)45185</ns0:subfield>
  </ns0:datafield>
  <ns0:datafield tag="710" ind1=" " ind2=" ">
    <ns0:subfield code="a">Honduras</ns0:subfield>
    <ns0:subfield code="9">ms</ns0:subfield>
    <ns0:subfield code="0">(DHLAUTH)39711</ns0:subfield>
  </ns0:datafield>
  <ns0:datafield tag="710" ind1=" " ind2=" ">
    <ns0:subfield code="a">Kuwait</ns0:subfield>
    <ns0:subfield code="9">ms</ns0:subfield>
    <ns0:subfield code="0">(DHLAUTH)39867</ns0:subfield>
  </ns0:datafield>
  <ns0:datafield tag="710" ind1=" " ind2=" ">
    <ns0:subfield code="a">Mauritania</ns0:subfield>
    <ns0:subfield code="9">ms</ns0:subfield>
    <ns0:subfield code="0">(DHLAUTH)72579</ns0:subfield>
  </ns0:datafield>
  <ns0:datafield tag="710" ind1=" " ind2=" ">
    <ns0:subfield code="a">Mongolia</ns0:subfield>
    <ns0:subfield code="9">ms</ns0:subfield>
    <ns0:subfield code="0">(DHLAUTH)39907</ns0:subfield>
  </ns0:datafield>
  <ns0:datafield tag="710" ind1=" " ind2=" ">
    <ns0:subfield code="a">Myanmar</ns0:subfield>
    <ns0:subfield code="9">ms</ns0:subfield>
    <ns0:subfield code="0">(DHLAUTH)59152</ns0:subfield>
  </ns0:datafield>
  <ns0:datafield tag="710" ind1=" " ind2=" ">
    <ns0:subfield code="a">Paraguay</ns0:subfield>
    <ns0:subfield code="9">ms</ns0:subfield>
    <ns0:subfield code="0">(DHLAUTH)72727</ns0:subfield>
  </ns0:datafield>
  <ns0:datafield tag="710" ind1="2" ind2=" ">
    <ns0:subfield code="a">Qatar</ns0:subfield>
    <ns0:subfield code="0">(DHLAUTH)40037</ns0:subfield>
  </ns0:datafield>
  <ns0:datafield tag="710" ind1="2" ind2=" ">
    <ns0:subfield code="a">Spain</ns0:subfield>
    <ns0:subfield code="0">(DHLAUTH)72857</ns0:subfield>
  </ns0:datafield>
  <ns0:datafield tag="710" ind1=" " ind2=" ">
    <ns0:subfield code="a">Tunisia</ns0:subfield>
    <ns0:subfield code="9">ms</ns0:subfield>
    <ns0:subfield code="0">(DHLAUTH)62197</ns0:subfield>
  </ns0:datafield>
  <ns0:datafield tag="710" ind1=" " ind2=" ">
    <ns0:subfield code="a">Türkiye</ns0:subfield>
    <ns0:subfield code="9">ms</ns0:subfield>
    <ns0:subfield code="0">(DHLAUTH)928984</ns0:subfield>
  </ns0:datafield>
  <ns0:datafield tag="710" ind1=" " ind2=" ">
    <ns0:subfield code="a">Venezuela (Bolivarian Republic of)</ns0:subfield>
    <ns0:subfield code="9">ms</ns0:subfield>
    <ns0:subfield code="0">(DHLAUTH)677684</ns0:subfield>
  </ns0:datafield>
  <ns0:datafield tag="710" ind1=" " ind2=" ">
    <ns0:subfield code="a">Viet Nam</ns0:subfield>
    <ns0:subfield code="9">ms</ns0:subfield>
    <ns0:subfield code="0">(DHLAUTH)74708</ns0:subfield>
  </ns0:datafield>
  <ns0:datafield tag="793" ind1=" " ind2=" ">
    <ns0:subfield code="a">03</ns0:subfield>
  </ns0:datafield>
  <ns0:datafield tag="856" ind1="4" ind2=" ">
    <ns0:subfield code="y">العربية</ns0:subfield>
    <ns0:subfield code="9">8a457811-f0e3-439e-a8a1-15949217b5a2</ns0:subfield>
    <ns0:subfield code="s">317797</ns0:subfield>
    <ns0:subfield code="u">https://digitallibrary.un.org/record/4026915/files/A_C.3_78_L.9_Rev.1-AR.pdf</ns0:subfield>
  </ns0:datafield>
  <ns0:datafield tag="856" ind1="4" ind2=" ">
    <ns0:subfield code="y">中文</ns0:subfield>
    <ns0:subfield code="9">ee2f2d44-7a50-4cf7-8366-cf8fba3b0224</ns0:subfield>
    <ns0:subfield code="s">402691</ns0:subfield>
    <ns0:subfield code="u">https://digitallibrary.un.org/record/4026915/files/A_C.3_78_L.9_Rev.1-ZH.pdf</ns0:subfield>
  </ns0:datafield>
  <ns0:datafield tag="856" ind1="4" ind2=" ">
    <ns0:subfield code="y">English</ns0:subfield>
    <ns0:subfield code="9">be1aef1f-1da4-4b8e-9117-8a9c9266eae8</ns0:subfield>
    <ns0:subfield code="s">226580</ns0:subfield>
    <ns0:subfield code="u">https://digitallibrary.un.org/record/4026915/files/A_C.3_78_L.9_Rev.1-EN.pdf</ns0:subfield>
  </ns0:datafield>
  <ns0:datafield tag="856" ind1="4" ind2=" ">
    <ns0:subfield code="y">Français</ns0:subfield>
    <ns0:subfield code="9">da981ef9-4374-476a-9fc1-5790c471835f</ns0:subfield>
    <ns0:subfield code="s">241462</ns0:subfield>
    <ns0:subfield code="u">https://digitallibrary.un.org/record/4026915/files/A_C.3_78_L.9_Rev.1-FR.pdf</ns0:subfield>
  </ns0:datafield>
  <ns0:datafield tag="856" ind1="4" ind2=" ">
    <ns0:subfield code="y">Русский</ns0:subfield>
    <ns0:subfield code="9">f540dba3-fc47-4cf2-b8a5-a8fae1806f42</ns0:subfield>
    <ns0:subfield code="s">248645</ns0:subfield>
    <ns0:subfield code="u">https://digitallibrary.un.org/record/4026915/files/A_C.3_78_L.9_Rev.1-RU.pdf</ns0:subfield>
  </ns0:datafield>
  <ns0:datafield tag="856" ind1="4" ind2=" ">
    <ns0:subfield code="y">Español</ns0:subfield>
    <ns0:subfield code="9">76f8eb6c-13a2-44cf-ac32-0839488fd671</ns0:subfield>
    <ns0:subfield code="s">261496</ns0:subfield>
    <ns0:subfield code="u">https://digitallibrary.un.org/record/4026915/files/A_C.3_78_L.9_Rev.1-ES.pdf</ns0:subfield>
  </ns0:datafield>
  <ns0:datafield tag="930" ind1=" " ind2=" ">
    <ns0:subfield code="a">UNDNO23</ns0:subfield>
  </ns0:datafield>
  <ns0:datafield tag="980" ind1=" " ind2=" ">
    <ns0:subfield code="a">BIB</ns0:subfield>
  </ns0:datafield>
  <ns0:datafield tag="981" ind1=" " ind2=" ">
    <ns0:subfield code="a">General Assembly</ns0:subfield>
    <ns0:subfield code="b">3rd Committee</ns0:subfield>
  </ns0:datafield>
  <ns0:datafield tag="989" ind1=" " ind2=" ">
    <ns0:subfield code="a">Documents and Publications</ns0:subfield>
    <ns0:subfield code="b">Draft Resolutions and Decisions</ns0:subfield>
  </ns0:datafield>
  <ns0:datafield tag="991" ind1="1" ind2=" ">
    <ns0:subfield code="a">A/78/251</ns0:subfield>
    <ns0:subfield code="b">24</ns0:subfield>
    <ns0:subfield code="c">Social development.</ns0:subfield>
    <ns0:subfield code="d">SOCIAL DEVELOPMENT</ns0:subfield>
    <ns0:subfield code="z">I</ns0:subfield>
    <ns0:subfield code="0">(DHLAUTH)934870</ns0:subfield>
  </ns0:datafield>
  <ns0:datafield tag="993" ind1="1" ind2=" ">
    <ns0:subfield code="a">A/RES/78/173</ns0:subfield>
  </ns0:datafield>
  <ns0:datafield tag="993" ind1="3" ind2=" ">
    <ns0:subfield code="a">A/78/472</ns0:subfield>
  </ns0:datafield>
  <ns0:datafield tag="999" ind1=" " ind2=" ">
    <ns0:subfield code="a">mmq20231114</ns0:subfield>
    <ns0:subfield code="b">20231114</ns0:subfield>
    <ns0:subfield code="c">q</ns0:subfield>
  </ns0:datafield>
  <ns0:datafield tag="999" ind1=" " ind2=" ">
    <ns0:subfield code="a">vvc20231114</ns0:subfield>
    <ns0:subfield code="b">20231114</ns0:subfield>
    <ns0:subfield code="c">c</ns0:subfield>
  </ns0:datafield>
  <ns0:datafield tag="999" ind1=" " ind2=" ">
    <ns0:subfield code="a">aru20231222</ns0:subfield>
    <ns0:subfield code="b">20231222</ns0:subfield>
    <ns0:subfield code="c">u</ns0:subfield>
  </ns0:datafield>
  <ns0:datafield tag="999" ind1=" " ind2=" ">
    <ns0:subfield code="a">vwt20250516</ns0:subfield>
    <ns0:subfield code="b">20250516</ns0:subfield>
    <ns0:subfield code="c">t</ns0:subfield>
  </ns0:datafield>
</ns0:record>

<ns0:record xmlns:ns0="http://www.loc.gov/MARC21/slim">
  <ns0:controlfield tag="000">00000nam a2200025#a ||||</ns0:controlfield>
  <ns0:controlfield tag="001">4026908</ns0:controlfield>
  <ns0:controlfield tag="005">20250516162533.0</ns0:controlfield>
  <ns0:datafield tag="029" ind1=" " ind2=" ">
    <ns0:subfield code="a">JN</ns0:subfield>
    <ns0:subfield code="b">N2321805 E</ns0:subfield>
  </ns0:datafield>
  <ns0:datafield tag="035" ind1=" " ind2=" ">
    <ns0:subfield code="a">(DHL)1388282</ns0:subfield>
  </ns0:datafield>
  <ns0:datafield tag="039" ind1=" " ind2=" ">
    <ns0:subfield code="a">DHU</ns0:subfield>
  </ns0:datafield>
  <ns0:datafield tag="040" ind1=" " ind2=" ">
    <ns0:subfield code="a">NNUN</ns0:subfield>
    <ns0:subfield code="b">eng</ns0:subfield>
  </ns0:datafield>
  <ns0:datafield tag="041" ind1="0" ind2=" ">
    <ns0:subfield code="a">eng</ns0:subfield>
  </ns0:datafield>
  <ns0:datafield tag="049" ind1=" " ind2=" ">
    <ns0:subfield code="a">usa</ns0:subfield>
  </ns0:datafield>
  <ns0:datafield tag="089" ind1=" " ind2=" ">
    <ns0:subfield code="b">B02</ns0:subfield>
  </ns0:datafield>
  <ns0:datafield tag="091" ind1=" " ind2=" ">
    <ns0:subfield code="a">LTD</ns0:subfield>
  </ns0:datafield>
  <ns0:datafield tag="099" ind1=" " ind2=" ">
    <ns0:subfield code="a">UNH</ns0:subfield>
    <ns0:subfield code="b">DHU</ns0:subfield>
  </ns0:datafield>
  <ns0:datafield tag="191" ind1=" " ind2=" ">
    <ns0:subfield code="a">A/C.3/78/L.30/Rev.1</ns0:subfield>
    <ns0:subfield code="b">A/</ns0:subfield>
    <ns0:subfield code="c">78</ns0:subfield>
    <ns0:subfield code="9">G10</ns0:subfield>
    <ns0:subfield code="0">(DHLAUTH)933608</ns0:subfield>
  </ns0:datafield>
  <ns0:datafield tag="245" ind1="1" ind2="0">
    <ns0:subfield code="a">Implementing the Declaration on the Right and Responsibility of Individuals, Groups and Organs of Society to Promote and Protect Universally Recognized Human Rights and Fundamental Freedoms through providing a safe and enabling environment for human rights defenders and ensuring their protection :</ns0:subfield>
    <ns0:subfield code="b">revised draft resolution /</ns0:subfield>
    <ns0:subfield code="c">Albania, Antigua and Barbuda, Argentina, Armenia, Bolivia (Plurinational State of), Bulgaria, Canada, Chile, Colombia, Costa Rica, Côte d'Ivoire, Croatia, Dominican Republic, Ecuador, Estonia, Germany, Honduras, Iceland, Ireland, Liechtenstein, Marshall Islands, Mongolia, Morocco, New Zealand, North Macedonia, Norway, Palau, Poland, Republic of Moldova, Romania, Spain, Sweden, Tunisia, Ukraine, United Kingdom of Great Britain and Northern Ireland and Uruguay</ns0:subfield>
  </ns0:datafield>
  <ns0:datafield tag="260" ind1=" " ind2=" ">
    <ns0:subfield code="a">[New York] :</ns0:subfield>
    <ns0:subfield code="b">UN,</ns0:subfield>
    <ns0:subfield code="c">8 Nov. 2023</ns0:subfield>
  </ns0:datafield>
  <ns0:datafield tag="269" ind1=" " ind2=" ">
    <ns0:subfield code="a">2023-11-08</ns0:subfield>
  </ns0:datafield>
  <ns0:datafield tag="300" ind1=" " ind2=" ">
    <ns0:subfield code="a">9 p.</ns0:subfield>
  </ns0:datafield>
  <ns0:datafield tag="515" ind1=" " ind2=" ">
    <ns0:subfield code="a">Additional sponsors: Cabo Verde, Cyprus, Czechia, Denmark, El Salvador, Finland, France, Georgia, Greece, Guatemala, Hungary, Italy, Japan, Latvia, Lebanon, Lithuania, Luxembourg, Malta, Mexico, Micronesia (Federated States of), Monaco, Montenegro, Myanmar, Netherlands (Kingdom of the), Panama, Paraguay, Peru, Portugal, Republic of Korea, San Marino, Serbia, Slovakia, Slovenia, Switzerland, Timor-Leste, United States and Vanuatu (A/78/481/Add.2).</ns0:subfield>
  </ns0:datafield>
  <ns0:datafield tag="610" ind1="2" ind2="7">
    <ns0:subfield code="a">UN. Human Rights Council. Special Rapporteur on the Situation of Human Rights Defenders</ns0:subfield>
    <ns0:subfield code="2">unbisn</ns0:subfield>
    <ns0:subfield code="0">(DHLAUTH)751838</ns0:subfield>
  </ns0:datafield>
  <ns0:datafield tag="630" ind1="0" ind2="7">
    <ns0:subfield code="a">Declaration on the Right and Responsibility of Individuals, Groups and Organs of Society to Promote and Protect Universally Recognized Human Rights and Fundamental Freedoms (1998)</ns0:subfield>
    <ns0:subfield code="2">unbisn</ns0:subfield>
    <ns0:subfield code="0">(DHLAUTH)120468</ns0:subfield>
  </ns0:datafield>
  <ns0:datafield tag="650" ind1="1" ind2="7">
    <ns0:subfield code="a">HUMAN RIGHTS ACTIVISTS</ns0:subfield>
    <ns0:subfield code="2">unbist</ns0:subfield>
    <ns0:subfield code="0">(DHLAUTH)274704</ns0:subfield>
  </ns0:datafield>
  <ns0:datafield tag="650" ind1="1" ind2="7">
    <ns0:subfield code="a">HUMAN RIGHTS VIOLATIONS</ns0:subfield>
    <ns0:subfield code="2">unbist</ns0:subfield>
    <ns0:subfield code="0">(DHLAUTH)274435</ns0:subfield>
  </ns0:datafield>
  <ns0:datafield tag="650" ind1="1" ind2="7">
    <ns0:subfield code="a">HUMAN RIGHTS ADVANCEMENT</ns0:subfield>
    <ns0:subfield code="2">unbist</ns0:subfield>
    <ns0:subfield code="0">(DHLAUTH)274478</ns0:subfield>
  </ns0:datafield>
  <ns0:datafield tag="710" ind1=" " ind2=" ">
    <ns0:subfield code="a">Albania</ns0:subfield>
    <ns0:subfield code="9">ms</ns0:subfield>
    <ns0:subfield code="0">(DHLAUTH)103802</ns0:subfield>
  </ns0:datafield>
  <ns0:datafield tag="710" ind1=" " ind2=" ">
    <ns0:subfield code="a">Antigua and Barbuda</ns0:subfield>
    <ns0:subfield code="9">ms</ns0:subfield>
    <ns0:subfield code="0">(DHLAUTH)77692</ns0:subfield>
  </ns0:datafield>
  <ns0:datafield tag="710" ind1=" " ind2=" ">
    <ns0:subfield code="a">Argentina</ns0:subfield>
    <ns0:subfield code="9">ms</ns0:subfield>
    <ns0:subfield code="0">(DHLAUTH)71947</ns0:subfield>
  </ns0:datafield>
  <ns0:datafield tag="710" ind1="2" ind2=" ">
    <ns0:subfield code="a">Armenia</ns0:subfield>
    <ns0:subfield code="0">(DHLAUTH)198887</ns0:subfield>
  </ns0:datafield>
  <ns0:datafield tag="710" ind1=" " ind2=" ">
    <ns0:subfield code="a">Bolivia (Plurinational State of)</ns0:subfield>
    <ns0:subfield code="9">ms</ns0:subfield>
    <ns0:subfield code="0">(DHLAUTH)762255</ns0:subfield>
  </ns0:datafield>
  <ns0:datafield tag="710" ind1=" " ind2=" ">
    <ns0:subfield code="a">Bulgaria</ns0:subfield>
    <ns0:subfield code="9">ms</ns0:subfield>
    <ns0:subfield code="0">(DHLAUTH)72007</ns0:subfield>
  </ns0:datafield>
  <ns0:datafield tag="710" ind1=" " ind2=" ">
    <ns0:subfield code="a">Canada</ns0:subfield>
    <ns0:subfield code="9">ms</ns0:subfield>
    <ns0:subfield code="0">(DHLAUTH)202233</ns0:subfield>
  </ns0:datafield>
  <ns0:datafield tag="710" ind1=" " ind2=" ">
    <ns0:subfield code="a">Chile</ns0:subfield>
    <ns0:subfield code="9">ms</ns0:subfield>
    <ns0:subfield code="0">(DHLAUTH)72077</ns0:subfield>
  </ns0:datafield>
  <ns0:datafield tag="710" ind1=" " ind2=" ">
    <ns0:subfield code="a">Colombia</ns0:subfield>
    <ns0:subfield code="9">ms</ns0:subfield>
    <ns0:subfield code="0">(DHLAUTH)72097</ns0:subfield>
  </ns0:datafield>
  <ns0:datafield tag="710" ind1="2" ind2=" ">
    <ns0:subfield code="a">Costa Rica</ns0:subfield>
    <ns0:subfield code="0">(DHLAUTH)72125</ns0:subfield>
  </ns0:datafield>
  <ns0:datafield tag="710" ind1=" " ind2=" ">
    <ns0:subfield code="a">Croatia</ns0:subfield>
    <ns0:subfield code="9">ms</ns0:subfield>
    <ns0:subfield code="0">(DHLAUTH)202559</ns0:subfield>
  </ns0:datafield>
  <ns0:datafield tag="710" ind1="2" ind2=" ">
    <ns0:subfield code="a">Côte d'Ivoire</ns0:subfield>
    <ns0:subfield code="0">(DHLAUTH)39850</ns0:subfield>
  </ns0:datafield>
  <ns0:datafield tag="710" ind1=" " ind2=" ">
    <ns0:subfield code="a">Dominican Republic</ns0:subfield>
    <ns0:subfield code="9">ms</ns0:subfield>
    <ns0:subfield code="0">(DHLAUTH)39679</ns0:subfield>
  </ns0:datafield>
  <ns0:datafield tag="710" ind1=" " ind2=" ">
    <ns0:subfield code="a">Ecuador</ns0:subfield>
    <ns0:subfield code="9">ms</ns0:subfield>
    <ns0:subfield code="0">(DHLAUTH)72163</ns0:subfield>
  </ns0:datafield>
  <ns0:datafield tag="710" ind1=" " ind2=" ">
    <ns0:subfield code="a">Estonia</ns0:subfield>
    <ns0:subfield code="9">ms</ns0:subfield>
    <ns0:subfield code="0">(DHLAUTH)190285</ns0:subfield>
  </ns0:datafield>
  <ns0:datafield tag="710" ind1=" " ind2=" ">
    <ns0:subfield code="a">Germany</ns0:subfield>
    <ns0:subfield code="9">ms</ns0:subfield>
    <ns0:subfield code="0">(DHLAUTH)72242</ns0:subfield>
  </ns0:datafield>
  <ns0:datafield tag="710" ind1="2" ind2=" ">
    <ns0:subfield code="a">Honduras</ns0:subfield>
    <ns0:subfield code="0">(DHLAUTH)39711</ns0:subfield>
  </ns0:datafield>
  <ns0:datafield tag="710" ind1="2" ind2=" ">
    <ns0:subfield code="a">Iceland</ns0:subfield>
    <ns0:subfield code="0">(DHLAUTH)72299</ns0:subfield>
  </ns0:datafield>
  <ns0:datafield tag="710" ind1=" " ind2=" ">
    <ns0:subfield code="a">Ireland</ns0:subfield>
    <ns0:subfield code="9">ms</ns0:subfield>
    <ns0:subfield code="0">(DHLAUTH)72475</ns0:subfield>
  </ns0:datafield>
  <ns0:datafield tag="710" ind1="2" ind2=" ">
    <ns0:subfield code="a">Liechtenstein</ns0:subfield>
    <ns0:subfield code="0">(DHLAUTH)78060</ns0:subfield>
  </ns0:datafield>
  <ns0:datafield tag="710" ind1=" " ind2=" ">
    <ns0:subfield code="a">Marshall Islands</ns0:subfield>
    <ns0:subfield code="9">ms</ns0:subfield>
    <ns0:subfield code="0">(DHLAUTH)146542</ns0:subfield>
  </ns0:datafield>
  <ns0:datafield tag="710" ind1=" " ind2=" ">
    <ns0:subfield code="a">Mongolia</ns0:subfield>
    <ns0:subfield code="9">ms</ns0:subfield>
    <ns0:subfield code="0">(DHLAUTH)39907</ns0:subfield>
  </ns0:datafield>
  <ns0:datafield tag="710" ind1=" " ind2=" ">
    <ns0:subfield code="a">Morocco</ns0:subfield>
    <ns0:subfield code="9">ms</ns0:subfield>
    <ns0:subfield code="0">(DHLAUTH)39911</ns0:subfield>
  </ns0:datafield>
  <ns0:datafield tag="710" ind1="2" ind2=" ">
    <ns0:subfield code="a">New Zealand</ns0:subfield>
    <ns0:subfield code="0">(DHLAUTH)39937</ns0:subfield>
  </ns0:datafield>
  <ns0:datafield tag="710" ind1=" " ind2=" ">
    <ns0:subfield code="a">North Macedonia</ns0:subfield>
    <ns0:subfield code="9">ms</ns0:subfield>
    <ns0:subfield code="0">(DHLAUTH)898082</ns0:subfield>
  </ns0:datafield>
  <ns0:datafield tag="710" ind1="2" ind2=" ">
    <ns0:subfield code="a">Norway</ns0:subfield>
    <ns0:subfield code="0">(DHLAUTH)72643</ns0:subfield>
  </ns0:datafield>
  <ns0:datafield tag="710" ind1=" " ind2=" ">
    <ns0:subfield code="a">Palau</ns0:subfield>
    <ns0:subfield code="9">ms</ns0:subfield>
    <ns0:subfield code="0">(DHLAUTH)39987</ns0:subfield>
  </ns0:datafield>
  <ns0:datafield tag="710" ind1=" " ind2=" ">
    <ns0:subfield code="a">Poland</ns0:subfield>
    <ns0:subfield code="9">ms</ns0:subfield>
    <ns0:subfield code="0">(DHLAUTH)72769</ns0:subfield>
  </ns0:datafield>
  <ns0:datafield tag="710" ind1=" " ind2=" ">
    <ns0:subfield code="a">Republic of Moldova</ns0:subfield>
    <ns0:subfield code="9">ms</ns0:subfield>
    <ns0:subfield code="0">(DHLAUTH)139584</ns0:subfield>
  </ns0:datafield>
  <ns0:datafield tag="710" ind1=" " ind2=" ">
    <ns0:subfield code="a">Romania</ns0:subfield>
    <ns0:subfield code="9">ms</ns0:subfield>
    <ns0:subfield code="0">(DHLAUTH)40047</ns0:subfield>
  </ns0:datafield>
  <ns0:datafield tag="710" ind1=" " ind2=" ">
    <ns0:subfield code="a">Spain</ns0:subfield>
    <ns0:subfield code="9">ms</ns0:subfield>
    <ns0:subfield code="0">(DHLAUTH)72857</ns0:subfield>
  </ns0:datafield>
  <ns0:datafield tag="710" ind1=" " ind2=" ">
    <ns0:subfield code="a">Sweden</ns0:subfield>
    <ns0:subfield code="9">ms</ns0:subfield>
    <ns0:subfield code="0">(DHLAUTH)72871</ns0:subfield>
  </ns0:datafield>
  <ns0:datafield tag="710" ind1="2" ind2=" ">
    <ns0:subfield code="a">Tunisia</ns0:subfield>
    <ns0:subfield code="9">ms</ns0:subfield>
    <ns0:subfield code="0">(DHLAUTH)62197</ns0:subfield>
  </ns0:datafield>
  <ns0:datafield tag="710" ind1="2" ind2=" ">
    <ns0:subfield code="a">Ukraine</ns0:subfield>
    <ns0:subfield code="0">(DHLAUTH)28897</ns0:subfield>
  </ns0:datafield>
  <ns0:datafield tag="710" ind1=" " ind2=" ">
    <ns0:subfield code="a">United Kingdom</ns0:subfield>
    <ns0:subfield code="9">ms</ns0:subfield>
    <ns0:subfield code="0">(DHLAUTH)28884</ns0:subfield>
  </ns0:datafield>
  <ns0:datafield tag="710" ind1=" " ind2=" ">
    <ns0:subfield code="a">Uruguay</ns0:subfield>
    <ns0:subfield code="9">ms</ns0:subfield>
    <ns0:subfield code="0">(DHLAUTH)40099</ns0:subfield>
  </ns0:datafield>
  <ns0:datafield tag="793" ind1=" " ind2=" ">
    <ns0:subfield code="a">03</ns0:subfield>
  </ns0:datafield>
  <ns0:datafield tag="856" ind1="4" ind2=" ">
    <ns0:subfield code="y">العربية</ns0:subfield>
    <ns0:subfield code="9">386ca22d-6085-4a19-aaf6-772464777ca0</ns0:subfield>
    <ns0:subfield code="s">191308</ns0:subfield>
    <ns0:subfield code="u">https://digitallibrary.un.org/record/4026908/files/A_C.3_78_L.30_Rev.1-AR.pdf</ns0:subfield>
  </ns0:datafield>
  <ns0:datafield tag="856" ind1="4" ind2=" ">
    <ns0:subfield code="y">中文</ns0:subfield>
    <ns0:subfield code="9">0098b371-ebd5-4f52-9308-ff0fc4e16ae9</ns0:subfield>
    <ns0:subfield code="s">437551</ns0:subfield>
    <ns0:subfield code="u">https://digitallibrary.un.org/record/4026908/files/A_C.3_78_L.30_Rev.1-ZH.pdf</ns0:subfield>
  </ns0:datafield>
  <ns0:datafield tag="856" ind1="4" ind2=" ">
    <ns0:subfield code="y">English</ns0:subfield>
    <ns0:subfield code="9">af382b92-f743-4fc3-8668-ae1afbbdaeb6</ns0:subfield>
    <ns0:subfield code="s">261197</ns0:subfield>
    <ns0:subfield code="u">https://digitallibrary.un.org/record/4026908/files/A_C.3_78_L.30_Rev.1-EN.pdf</ns0:subfield>
  </ns0:datafield>
  <ns0:datafield tag="856" ind1="4" ind2=" ">
    <ns0:subfield code="y">Français</ns0:subfield>
    <ns0:subfield code="9">0708ddc0-e33b-4438-bd85-cd58c650c2e6</ns0:subfield>
    <ns0:subfield code="s">278138</ns0:subfield>
    <ns0:subfield code="u">https://digitallibrary.un.org/record/4026908/files/A_C.3_78_L.30_Rev.1-FR.pdf</ns0:subfield>
  </ns0:datafield>
  <ns0:datafield tag="856" ind1="4" ind2=" ">
    <ns0:subfield code="y">Русский</ns0:subfield>
    <ns0:subfield code="9">ba808a88-394b-410f-a25e-71783e5e9bbd</ns0:subfield>
    <ns0:subfield code="s">284361</ns0:subfield>
    <ns0:subfield code="u">https://digitallibrary.un.org/record/4026908/files/A_C.3_78_L.30_Rev.1-RU.pdf</ns0:subfield>
  </ns0:datafield>
  <ns0:datafield tag="856" ind1="4" ind2=" ">
    <ns0:subfield code="y">Español</ns0:subfield>
    <ns0:subfield code="9">1b70efc6-c573-46b1-9fbc-1ec8df9bd898</ns0:subfield>
    <ns0:subfield code="s">264865</ns0:subfield>
    <ns0:subfield code="u">https://digitallibrary.un.org/record/4026908/files/A_C.3_78_L.30_Rev.1-ES.pdf</ns0:subfield>
  </ns0:datafield>
  <ns0:datafield tag="930" ind1=" " ind2=" ">
    <ns0:subfield code="a">UNDNO23</ns0:subfield>
  </ns0:datafield>
  <ns0:datafield tag="980" ind1=" " ind2=" ">
    <ns0:subfield code="a">BIB</ns0:subfield>
  </ns0:datafield>
  <ns0:datafield tag="981" ind1=" " ind2=" ">
    <ns0:subfield code="a">General Assembly</ns0:subfield>
    <ns0:subfield code="b">3rd Committee</ns0:subfield>
  </ns0:datafield>
  <ns0:datafield tag="989" ind1=" " ind2=" ">
    <ns0:subfield code="a">Documents and Publications</ns0:subfield>
    <ns0:subfield code="b">Draft Resolutions and Decisions</ns0:subfield>
  </ns0:datafield>
  <ns0:datafield tag="991" ind1="1" ind2=" ">
    <ns0:subfield code="a">A/78/251</ns0:subfield>
    <ns0:subfield code="b">71b</ns0:subfield>
    <ns0:subfield code="c">Human rights questions, including alternative approaches for improving the effective enjoyment of human rights and fundamental freedoms.</ns0:subfield>
    <ns0:subfield code="d">HUMAN RIGHTS ADVANCEMENT</ns0:subfield>
    <ns0:subfield code="0">(DHLAUTH)934963</ns0:subfield>
  </ns0:datafield>
  <ns0:datafield tag="991" ind1="1" ind2=" ">
    <ns0:subfield code="a">A/78/251</ns0:subfield>
    <ns0:subfield code="b">71b[24]</ns0:subfield>
    <ns0:subfield code="d">HUMAN RIGHTS ACTIVISTS</ns0:subfield>
    <ns0:subfield code="z">I</ns0:subfield>
    <ns0:subfield code="0">(DHLAUTH)934980</ns0:subfield>
  </ns0:datafield>
  <ns0:datafield tag="993" ind1="3" ind2=" ">
    <ns0:subfield code="a">A/78/481/Add.2</ns0:subfield>
  </ns0:datafield>
  <ns0:datafield tag="993" ind1="1" ind2=" ">
    <ns0:subfield code="a">A/RES/78/216</ns0:subfield>
  </ns0:datafield>
  <ns0:datafield tag="999" ind1=" " ind2=" ">
    <ns0:subfield code="a">mmq20231114</ns0:subfield>
    <ns0:subfield code="b">20231114</ns0:subfield>
    <ns0:subfield code="c">q</ns0:subfield>
  </ns0:datafield>
  <ns0:datafield tag="999" ind1=" " ind2=" ">
    <ns0:subfield code="a">vvc20231114</ns0:subfield>
    <ns0:subfield code="b">20231114</ns0:subfield>
    <ns0:subfield code="c">c</ns0:subfield>
  </ns0:datafield>
  <ns0:datafield tag="999" ind1=" " ind2=" ">
    <ns0:subfield code="a">aru20231222</ns0:subfield>
    <ns0:subfield code="b">20231222</ns0:subfield>
    <ns0:subfield code="c">u</ns0:subfield>
  </ns0:datafield>
  <ns0:datafield tag="999" ind1=" " ind2=" ">
    <ns0:subfield code="a">vwt20250516</ns0:subfield>
    <ns0:subfield code="b">20250516</ns0:subfield>
    <ns0:subfield code="c">t</ns0:subfield>
  </ns0:datafield>
</ns0:record>