

<ns0:record xmlns:ns0="http://www.loc.gov/MARC21/slim">
  <ns0:controlfield tag="000">00000nam a2200025#a ||||</ns0:controlfield>
  <ns0:controlfield tag="001">4026540</ns0:controlfield>
  <ns0:controlfield tag="005">20250516162429.0</ns0:controlfield>
  <ns0:datafield tag="029" ind1=" " ind2=" ">
    <ns0:subfield code="a">JN</ns0:subfield>
    <ns0:subfield code="b">N2321181 E</ns0:subfield>
  </ns0:datafield>
  <ns0:datafield tag="035" ind1=" " ind2=" ">
    <ns0:subfield code="a">(DHL)1387921</ns0:subfield>
  </ns0:datafield>
  <ns0:datafield tag="039" ind1=" " ind2=" ">
    <ns0:subfield code="a">DHU</ns0:subfield>
  </ns0:datafield>
  <ns0:datafield tag="040" ind1=" " ind2=" ">
    <ns0:subfield code="a">NNUN</ns0:subfield>
    <ns0:subfield code="b">eng</ns0:subfield>
  </ns0:datafield>
  <ns0:datafield tag="041" ind1="0" ind2=" ">
    <ns0:subfield code="a">eng</ns0:subfield>
  </ns0:datafield>
  <ns0:datafield tag="049" ind1=" " ind2=" ">
    <ns0:subfield code="a">usa</ns0:subfield>
  </ns0:datafield>
  <ns0:datafield tag="089" ind1=" " ind2=" ">
    <ns0:subfield code="b">B02</ns0:subfield>
  </ns0:datafield>
  <ns0:datafield tag="091" ind1=" " ind2=" ">
    <ns0:subfield code="a">LTD</ns0:subfield>
  </ns0:datafield>
  <ns0:datafield tag="099" ind1=" " ind2=" ">
    <ns0:subfield code="a">UNH</ns0:subfield>
    <ns0:subfield code="b">DHU</ns0:subfield>
  </ns0:datafield>
  <ns0:datafield tag="191" ind1=" " ind2=" ">
    <ns0:subfield code="a">A/C.3/78/L.48</ns0:subfield>
    <ns0:subfield code="b">A/</ns0:subfield>
    <ns0:subfield code="c">78</ns0:subfield>
    <ns0:subfield code="9">G10</ns0:subfield>
    <ns0:subfield code="0">(DHLAUTH)933608</ns0:subfield>
  </ns0:datafield>
  <ns0:datafield tag="245" ind1="1" ind2="0">
    <ns0:subfield code="a">Freedom of religion or belief :</ns0:subfield>
    <ns0:subfield code="b">draft resolution /</ns0:subfield>
    <ns0:subfield code="c">Argentina, Austria, Belgium, Bulgaria, Croatia, Cyprus, Czechia, Denmark, Estonia, Finland, France, Georgia, Germany, Greece, Hungary, Iceland, Ireland, Italy, Latvia, Liberia, Lithuania, Luxembourg, Malta, Marshall Islands, Monaco, Netherlands (Kingdom of the), Poland, Portugal, Romania, Slovakia, Slovenia, Spain, Sweden and United States of America</ns0:subfield>
  </ns0:datafield>
  <ns0:datafield tag="260" ind1=" " ind2=" ">
    <ns0:subfield code="a">[New York] :</ns0:subfield>
    <ns0:subfield code="b">UN,</ns0:subfield>
    <ns0:subfield code="c">31 Oct. 2023</ns0:subfield>
  </ns0:datafield>
  <ns0:datafield tag="269" ind1=" " ind2=" ">
    <ns0:subfield code="a">2023-10-31</ns0:subfield>
  </ns0:datafield>
  <ns0:datafield tag="300" ind1=" " ind2=" ">
    <ns0:subfield code="a">6 p.</ns0:subfield>
  </ns0:datafield>
  <ns0:datafield tag="515" ind1=" " ind2=" ">
    <ns0:subfield code="a">Additional sponsors: Andorra, Armenia, Australia, Bolivia (Plurinational State of), Bosnia and Herzegovina, Brazil, Cabo Verde, Canada, Chile, Colombia, Costa Rica, Dominican Republic, El Salvador, Guatemala, Haiti, Honduras, Israel, Japan, Liechtenstein, Malawi, Montenegro, North Macedonia, Norway, Paraguay, Peru, Philippines, Republic of Korea, Republic of Moldova, San Marino, Serbia, Switzerland, Thailand, Timor-Leste, Türkiye, Uganda, United Kingdom and Uruguay (A/78/481/Add.2).</ns0:subfield>
  </ns0:datafield>
  <ns0:datafield tag="610" ind1="2" ind2="7">
    <ns0:subfield code="a">UN. Human Rights Council. Special Rapporteur on Freedom of Religion or Belief</ns0:subfield>
    <ns0:subfield code="2">unbisn</ns0:subfield>
    <ns0:subfield code="0">(DHLAUTH)711188</ns0:subfield>
  </ns0:datafield>
  <ns0:datafield tag="650" ind1="1" ind2="7">
    <ns0:subfield code="a">RELIGIOUS FREEDOM</ns0:subfield>
    <ns0:subfield code="2">unbist</ns0:subfield>
    <ns0:subfield code="0">(DHLAUTH)274441</ns0:subfield>
  </ns0:datafield>
  <ns0:datafield tag="650" ind1="1" ind2="7">
    <ns0:subfield code="a">FREEDOM OF THOUGHT</ns0:subfield>
    <ns0:subfield code="2">unbist</ns0:subfield>
    <ns0:subfield code="0">(DHLAUTH)268491</ns0:subfield>
  </ns0:datafield>
  <ns0:datafield tag="650" ind1="1" ind2="7">
    <ns0:subfield code="a">RELIGIOUS INTOLERANCE</ns0:subfield>
    <ns0:subfield code="2">unbist</ns0:subfield>
    <ns0:subfield code="0">(DHLAUTH)274433</ns0:subfield>
  </ns0:datafield>
  <ns0:datafield tag="650" ind1="1" ind2="7">
    <ns0:subfield code="a">ANTI-DISCRIMINATION MEASURES</ns0:subfield>
    <ns0:subfield code="2">unbist</ns0:subfield>
    <ns0:subfield code="0">(DHLAUTH)610794</ns0:subfield>
  </ns0:datafield>
  <ns0:datafield tag="710" ind1="2" ind2=" ">
    <ns0:subfield code="a">Argentina</ns0:subfield>
    <ns0:subfield code="0">(DHLAUTH)71947</ns0:subfield>
  </ns0:datafield>
  <ns0:datafield tag="710" ind1="2" ind2=" ">
    <ns0:subfield code="a">Austria</ns0:subfield>
    <ns0:subfield code="0">(DHLAUTH)71959</ns0:subfield>
  </ns0:datafield>
  <ns0:datafield tag="710" ind1="2" ind2=" ">
    <ns0:subfield code="a">Belgium</ns0:subfield>
    <ns0:subfield code="0">(DHLAUTH)58943</ns0:subfield>
  </ns0:datafield>
  <ns0:datafield tag="710" ind1="2" ind2=" ">
    <ns0:subfield code="a">Bulgaria</ns0:subfield>
    <ns0:subfield code="0">(DHLAUTH)72007</ns0:subfield>
  </ns0:datafield>
  <ns0:datafield tag="710" ind1="2" ind2=" ">
    <ns0:subfield code="a">Croatia</ns0:subfield>
    <ns0:subfield code="0">(DHLAUTH)202559</ns0:subfield>
  </ns0:datafield>
  <ns0:datafield tag="710" ind1="2" ind2=" ">
    <ns0:subfield code="a">Cyprus</ns0:subfield>
    <ns0:subfield code="0">(DHLAUTH)72141</ns0:subfield>
  </ns0:datafield>
  <ns0:datafield tag="710" ind1="2" ind2=" ">
    <ns0:subfield code="a">Czechia</ns0:subfield>
    <ns0:subfield code="0">(DHLAUTH)880037</ns0:subfield>
  </ns0:datafield>
  <ns0:datafield tag="710" ind1="2" ind2=" ">
    <ns0:subfield code="a">Denmark</ns0:subfield>
    <ns0:subfield code="0">(DHLAUTH)72159</ns0:subfield>
  </ns0:datafield>
  <ns0:datafield tag="710" ind1="2" ind2=" ">
    <ns0:subfield code="a">Estonia</ns0:subfield>
    <ns0:subfield code="0">(DHLAUTH)190285</ns0:subfield>
  </ns0:datafield>
  <ns0:datafield tag="710" ind1="2" ind2=" ">
    <ns0:subfield code="a">Finland</ns0:subfield>
    <ns0:subfield code="0">(DHLAUTH)59983</ns0:subfield>
  </ns0:datafield>
  <ns0:datafield tag="710" ind1="2" ind2=" ">
    <ns0:subfield code="a">Georgia</ns0:subfield>
    <ns0:subfield code="0">(DHLAUTH)147846</ns0:subfield>
  </ns0:datafield>
  <ns0:datafield tag="710" ind1="2" ind2=" ">
    <ns0:subfield code="a">Germany</ns0:subfield>
    <ns0:subfield code="0">(DHLAUTH)72242</ns0:subfield>
  </ns0:datafield>
  <ns0:datafield tag="710" ind1="2" ind2=" ">
    <ns0:subfield code="a">Greece</ns0:subfield>
    <ns0:subfield code="0">(DHLAUTH)72263</ns0:subfield>
  </ns0:datafield>
  <ns0:datafield tag="710" ind1="2" ind2=" ">
    <ns0:subfield code="a">Hungary</ns0:subfield>
    <ns0:subfield code="0">(DHLAUTH)39715</ns0:subfield>
  </ns0:datafield>
  <ns0:datafield tag="710" ind1="2" ind2=" ">
    <ns0:subfield code="a">Ireland</ns0:subfield>
    <ns0:subfield code="0">(DHLAUTH)72475</ns0:subfield>
  </ns0:datafield>
  <ns0:datafield tag="710" ind1="2" ind2=" ">
    <ns0:subfield code="a">Iceland</ns0:subfield>
    <ns0:subfield code="0">(DHLAUTH)72299</ns0:subfield>
  </ns0:datafield>
  <ns0:datafield tag="710" ind1="2" ind2=" ">
    <ns0:subfield code="a">Italy</ns0:subfield>
    <ns0:subfield code="0">(DHLAUTH)72483</ns0:subfield>
  </ns0:datafield>
  <ns0:datafield tag="710" ind1="2" ind2=" ">
    <ns0:subfield code="a">Latvia</ns0:subfield>
    <ns0:subfield code="0">(DHLAUTH)190275</ns0:subfield>
  </ns0:datafield>
  <ns0:datafield tag="710" ind1="2" ind2=" ">
    <ns0:subfield code="a">Liberia</ns0:subfield>
    <ns0:subfield code="0">(DHLAUTH)72549</ns0:subfield>
  </ns0:datafield>
  <ns0:datafield tag="710" ind1="2" ind2=" ">
    <ns0:subfield code="a">Lithuania</ns0:subfield>
    <ns0:subfield code="0">(DHLAUTH)190293</ns0:subfield>
  </ns0:datafield>
  <ns0:datafield tag="710" ind1="2" ind2=" ">
    <ns0:subfield code="a">Luxembourg</ns0:subfield>
    <ns0:subfield code="0">(DHLAUTH)39895</ns0:subfield>
  </ns0:datafield>
  <ns0:datafield tag="710" ind1="2" ind2=" ">
    <ns0:subfield code="a">Malta</ns0:subfield>
    <ns0:subfield code="0">(DHLAUTH)72563</ns0:subfield>
  </ns0:datafield>
  <ns0:datafield tag="710" ind1="2" ind2=" ">
    <ns0:subfield code="a">Marshall Islands</ns0:subfield>
    <ns0:subfield code="0">(DHLAUTH)146542</ns0:subfield>
  </ns0:datafield>
  <ns0:datafield tag="710" ind1="2" ind2=" ">
    <ns0:subfield code="a">Monaco</ns0:subfield>
    <ns0:subfield code="0">(DHLAUTH)239876</ns0:subfield>
  </ns0:datafield>
  <ns0:datafield tag="710" ind1="2" ind2=" ">
    <ns0:subfield code="a">Netherlands (Kingdom of the)</ns0:subfield>
    <ns0:subfield code="0">(DHLAUTH)935619</ns0:subfield>
  </ns0:datafield>
  <ns0:datafield tag="710" ind1="2" ind2=" ">
    <ns0:subfield code="a">Portugal</ns0:subfield>
    <ns0:subfield code="0">(DHLAUTH)40035</ns0:subfield>
  </ns0:datafield>
  <ns0:datafield tag="710" ind1="2" ind2=" ">
    <ns0:subfield code="a">Poland</ns0:subfield>
    <ns0:subfield code="0">(DHLAUTH)72769</ns0:subfield>
  </ns0:datafield>
  <ns0:datafield tag="710" ind1="2" ind2=" ">
    <ns0:subfield code="a">Romania</ns0:subfield>
    <ns0:subfield code="0">(DHLAUTH)40047</ns0:subfield>
  </ns0:datafield>
  <ns0:datafield tag="710" ind1="2" ind2=" ">
    <ns0:subfield code="a">Slovakia</ns0:subfield>
    <ns0:subfield code="0">(DHLAUTH)59648</ns0:subfield>
  </ns0:datafield>
  <ns0:datafield tag="710" ind1="2" ind2=" ">
    <ns0:subfield code="a">Slovenia</ns0:subfield>
    <ns0:subfield code="0">(DHLAUTH)202569</ns0:subfield>
  </ns0:datafield>
  <ns0:datafield tag="710" ind1="2" ind2=" ">
    <ns0:subfield code="a">Spain</ns0:subfield>
    <ns0:subfield code="0">(DHLAUTH)72857</ns0:subfield>
  </ns0:datafield>
  <ns0:datafield tag="710" ind1="2" ind2=" ">
    <ns0:subfield code="a">Sweden</ns0:subfield>
    <ns0:subfield code="0">(DHLAUTH)72871</ns0:subfield>
  </ns0:datafield>
  <ns0:datafield tag="710" ind1="2" ind2=" ">
    <ns0:subfield code="a">United States</ns0:subfield>
    <ns0:subfield code="0">(DHLAUTH)28824</ns0:subfield>
  </ns0:datafield>
  <ns0:datafield tag="793" ind1=" " ind2=" ">
    <ns0:subfield code="a">03</ns0:subfield>
  </ns0:datafield>
  <ns0:datafield tag="856" ind1="4" ind2=" ">
    <ns0:subfield code="y">العربية</ns0:subfield>
    <ns0:subfield code="9">8a5e22a8-345e-4528-9353-e29ed753869d</ns0:subfield>
    <ns0:subfield code="s">267614</ns0:subfield>
    <ns0:subfield code="u">https://digitallibrary.un.org/record/4026540/files/A_C.3_78_L.48-AR.pdf</ns0:subfield>
  </ns0:datafield>
  <ns0:datafield tag="856" ind1="4" ind2=" ">
    <ns0:subfield code="y">中文</ns0:subfield>
    <ns0:subfield code="9">9be0199d-9de2-4a9f-acb1-9db4bbe5be0c</ns0:subfield>
    <ns0:subfield code="s">410997</ns0:subfield>
    <ns0:subfield code="u">https://digitallibrary.un.org/record/4026540/files/A_C.3_78_L.48-ZH.pdf</ns0:subfield>
  </ns0:datafield>
  <ns0:datafield tag="856" ind1="4" ind2=" ">
    <ns0:subfield code="y">English</ns0:subfield>
    <ns0:subfield code="9">149767aa-301e-41d5-b10d-99f2f1191eca</ns0:subfield>
    <ns0:subfield code="s">232620</ns0:subfield>
    <ns0:subfield code="u">https://digitallibrary.un.org/record/4026540/files/A_C.3_78_L.48-EN.pdf</ns0:subfield>
  </ns0:datafield>
  <ns0:datafield tag="856" ind1="4" ind2=" ">
    <ns0:subfield code="y">Français</ns0:subfield>
    <ns0:subfield code="9">da2a24b5-6641-4da9-8da4-2e3fad3f3be4</ns0:subfield>
    <ns0:subfield code="s">239685</ns0:subfield>
    <ns0:subfield code="u">https://digitallibrary.un.org/record/4026540/files/A_C.3_78_L.48-FR.pdf</ns0:subfield>
  </ns0:datafield>
  <ns0:datafield tag="856" ind1="4" ind2=" ">
    <ns0:subfield code="y">Русский</ns0:subfield>
    <ns0:subfield code="9">1dbc0151-8e98-427b-9795-b989406789eb</ns0:subfield>
    <ns0:subfield code="s">255037</ns0:subfield>
    <ns0:subfield code="u">https://digitallibrary.un.org/record/4026540/files/A_C.3_78_L.48-RU.pdf</ns0:subfield>
  </ns0:datafield>
  <ns0:datafield tag="856" ind1="4" ind2=" ">
    <ns0:subfield code="y">Español</ns0:subfield>
    <ns0:subfield code="9">4096775f-3e3a-4f22-9329-fd651fc1e714</ns0:subfield>
    <ns0:subfield code="s">232652</ns0:subfield>
    <ns0:subfield code="u">https://digitallibrary.un.org/record/4026540/files/A_C.3_78_L.48-ES.pdf</ns0:subfield>
  </ns0:datafield>
  <ns0:datafield tag="930" ind1=" " ind2=" ">
    <ns0:subfield code="a">UNDNO23</ns0:subfield>
  </ns0:datafield>
  <ns0:datafield tag="980" ind1=" " ind2=" ">
    <ns0:subfield code="a">BIB</ns0:subfield>
  </ns0:datafield>
  <ns0:datafield tag="981" ind1=" " ind2=" ">
    <ns0:subfield code="a">General Assembly</ns0:subfield>
    <ns0:subfield code="b">3rd Committee</ns0:subfield>
  </ns0:datafield>
  <ns0:datafield tag="989" ind1=" " ind2=" ">
    <ns0:subfield code="a">Documents and Publications</ns0:subfield>
    <ns0:subfield code="b">Draft Resolutions and Decisions</ns0:subfield>
  </ns0:datafield>
  <ns0:datafield tag="991" ind1="1" ind2=" ">
    <ns0:subfield code="a">A/78/251</ns0:subfield>
    <ns0:subfield code="b">71b</ns0:subfield>
    <ns0:subfield code="c">Human rights questions, including alternative approaches for improving the effective enjoyment of human rights and fundamental freedoms.</ns0:subfield>
    <ns0:subfield code="d">HUMAN RIGHTS ADVANCEMENT</ns0:subfield>
    <ns0:subfield code="0">(DHLAUTH)934963</ns0:subfield>
  </ns0:datafield>
  <ns0:datafield tag="991" ind1="1" ind2=" ">
    <ns0:subfield code="a">A/78/251</ns0:subfield>
    <ns0:subfield code="b">71b[8]</ns0:subfield>
    <ns0:subfield code="d">RELIGIOUS INTOLERANCE</ns0:subfield>
    <ns0:subfield code="z">I</ns0:subfield>
    <ns0:subfield code="0">(DHLAUTH)935003</ns0:subfield>
  </ns0:datafield>
  <ns0:datafield tag="993" ind1="3" ind2=" ">
    <ns0:subfield code="a">A/78/481/Add.2</ns0:subfield>
  </ns0:datafield>
  <ns0:datafield tag="993" ind1="1" ind2=" ">
    <ns0:subfield code="a">A/RES/78/212</ns0:subfield>
  </ns0:datafield>
  <ns0:datafield tag="999" ind1=" " ind2=" ">
    <ns0:subfield code="a">pnq20231107</ns0:subfield>
    <ns0:subfield code="b">20231107</ns0:subfield>
    <ns0:subfield code="c">q</ns0:subfield>
  </ns0:datafield>
  <ns0:datafield tag="999" ind1=" " ind2=" ">
    <ns0:subfield code="a">vvc20231109</ns0:subfield>
    <ns0:subfield code="b">20231109</ns0:subfield>
    <ns0:subfield code="c">c</ns0:subfield>
  </ns0:datafield>
  <ns0:datafield tag="999" ind1=" " ind2=" ">
    <ns0:subfield code="a">aru20231222</ns0:subfield>
    <ns0:subfield code="b">20231222</ns0:subfield>
    <ns0:subfield code="c">u</ns0:subfield>
  </ns0:datafield>
  <ns0:datafield tag="999" ind1=" " ind2=" ">
    <ns0:subfield code="a">vwt20250516</ns0:subfield>
    <ns0:subfield code="b">20250516</ns0:subfield>
    <ns0:subfield code="c">t</ns0:subfield>
  </ns0:datafield>
</ns0:record>