

<ns0:record xmlns:ns0="http://www.loc.gov/MARC21/slim">
  <ns0:controlfield tag="000">00000nam a2200025#a ||||</ns0:controlfield>
  <ns0:controlfield tag="001">4023953</ns0:controlfield>
  <ns0:controlfield tag="005">20250516162026.0</ns0:controlfield>
  <ns0:datafield tag="029" ind1=" " ind2=" ">
    <ns0:subfield code="a">JN</ns0:subfield>
    <ns0:subfield code="b">N2319502 E</ns0:subfield>
  </ns0:datafield>
  <ns0:datafield tag="035" ind1=" " ind2=" ">
    <ns0:subfield code="a">(DHL)1385685</ns0:subfield>
  </ns0:datafield>
  <ns0:datafield tag="039" ind1=" " ind2=" ">
    <ns0:subfield code="a">DHU</ns0:subfield>
  </ns0:datafield>
  <ns0:datafield tag="040" ind1=" " ind2=" ">
    <ns0:subfield code="a">NNUN</ns0:subfield>
    <ns0:subfield code="b">eng</ns0:subfield>
  </ns0:datafield>
  <ns0:datafield tag="041" ind1="0" ind2=" ">
    <ns0:subfield code="a">eng</ns0:subfield>
  </ns0:datafield>
  <ns0:datafield tag="049" ind1=" " ind2=" ">
    <ns0:subfield code="a">usa</ns0:subfield>
  </ns0:datafield>
  <ns0:datafield tag="089" ind1=" " ind2=" ">
    <ns0:subfield code="b">B02</ns0:subfield>
  </ns0:datafield>
  <ns0:datafield tag="091" ind1=" " ind2=" ">
    <ns0:subfield code="a">LTD</ns0:subfield>
  </ns0:datafield>
  <ns0:datafield tag="099" ind1=" " ind2=" ">
    <ns0:subfield code="a">UNH</ns0:subfield>
    <ns0:subfield code="b">DHU</ns0:subfield>
  </ns0:datafield>
  <ns0:datafield tag="191" ind1=" " ind2=" ">
    <ns0:subfield code="a">A/C.3/78/L.11</ns0:subfield>
    <ns0:subfield code="b">A/</ns0:subfield>
    <ns0:subfield code="c">78</ns0:subfield>
    <ns0:subfield code="9">G10</ns0:subfield>
    <ns0:subfield code="0">(DHLAUTH)933608</ns0:subfield>
  </ns0:datafield>
  <ns0:datafield tag="245" ind1="1" ind2="0">
    <ns0:subfield code="a">Cooperatives in social development :</ns0:subfield>
    <ns0:subfield code="b">draft resolution /</ns0:subfield>
    <ns0:subfield code="c">Mongolia</ns0:subfield>
  </ns0:datafield>
  <ns0:datafield tag="260" ind1=" " ind2=" ">
    <ns0:subfield code="a">[New York] :</ns0:subfield>
    <ns0:subfield code="b">UN,</ns0:subfield>
    <ns0:subfield code="c">10 Oct. 2023</ns0:subfield>
  </ns0:datafield>
  <ns0:datafield tag="269" ind1=" " ind2=" ">
    <ns0:subfield code="a">2023-10-10</ns0:subfield>
  </ns0:datafield>
  <ns0:datafield tag="300" ind1=" " ind2=" ">
    <ns0:subfield code="a">4 p.</ns0:subfield>
  </ns0:datafield>
  <ns0:datafield tag="515" ind1=" " ind2=" ">
    <ns0:subfield code="a">Additional sponsors: Algeria, Argentina, Austria, Bangladesh, Belgium, Bhutan, Bolivia (Plurinational State of), Bosnia and Herzegovina, Botswana, Brazil, Bulgaria, Burkina Faso, Burundi, Cameroon, Canada, Central African Republic, China, Colombia, Congo, Costa Rica, Côte d'Ivoire, Croatia, Cyprus, Czechia, Democratic Republic of the Congo, Denmark, Djibouti, Dominican Republic, Ecuador, El Salvador, Estonia, Fiji, Finland, France, Georgia, Germany, Greece, Guatemala, Haiti, Honduras, Hungary, Iceland, India, Indonesia, Ir eland, Israel, Italy, Japan, Kazakhstan, Kenya, Kiribati, Kyrgyzstan, Latvia, Lebanon, Lesotho, Lithuania, Luxembourg, Malawi, Malaysia, Mali, Marshall Islands, Malta, Mauritania, Micronesia (Federated States of), Montenegro, Morocco, Myanmar, Namibia, Nepal, Netherlands (Kingdom of the), Nigeria, Pakistan, Panama, Papua New Guinea, Paraguay, Peru, Philippines, Poland, Portugal, Qatar, Republic of Moldova, Romania, Senegal, Serbia, Slovakia, Slovenia, Spain, Sweden, Thailand, Timor-Leste, Trinidad and Tobago, Tunisia, Türkiye, Uganda, Ukraine, United Kingdom, Uruguay, Venezuela (Bolivarian Republic of), Viet Nam and Zambia (A/78/472).</ns0:subfield>
  </ns0:datafield>
  <ns0:datafield tag="630" ind1="0" ind2="7">
    <ns0:subfield code="a">International Year of Cooperatives (2012)</ns0:subfield>
    <ns0:subfield code="0">(DHLAUTH)778660</ns0:subfield>
  </ns0:datafield>
  <ns0:datafield tag="630" ind1=" " ind2=" ">
    <ns0:subfield code="a">International Year of Cooperatives (2025)</ns0:subfield>
    <ns0:subfield code="0">(DHLAUTH)937472</ns0:subfield>
  </ns0:datafield>
  <ns0:datafield tag="630" ind1="0" ind2="7">
    <ns0:subfield code="a">International Day of Cooperatives (1st Sat. of July)</ns0:subfield>
    <ns0:subfield code="0">(DHLAUTH)203970</ns0:subfield>
  </ns0:datafield>
  <ns0:datafield tag="650" ind1="1" ind2="7">
    <ns0:subfield code="a">COOPERATIVES</ns0:subfield>
    <ns0:subfield code="0">(DHLAUTH)270238</ns0:subfield>
  </ns0:datafield>
  <ns0:datafield tag="650" ind1="1" ind2="7">
    <ns0:subfield code="a">SOCIAL DEVELOPMENT</ns0:subfield>
    <ns0:subfield code="0">(DHLAUTH)269873</ns0:subfield>
  </ns0:datafield>
  <ns0:datafield tag="650" ind1="1" ind2="7">
    <ns0:subfield code="a">CAPACITY BUILDING</ns0:subfield>
    <ns0:subfield code="0">(DHLAUTH)276636</ns0:subfield>
  </ns0:datafield>
  <ns0:datafield tag="650" ind1="1" ind2="7">
    <ns0:subfield code="a">INTERNATIONAL YEARS</ns0:subfield>
    <ns0:subfield code="0">(DHLAUTH)268664</ns0:subfield>
  </ns0:datafield>
  <ns0:datafield tag="710" ind1="2" ind2=" ">
    <ns0:subfield code="a">Mongolia</ns0:subfield>
    <ns0:subfield code="0">(DHLAUTH)39907</ns0:subfield>
  </ns0:datafield>
  <ns0:datafield tag="793" ind1=" " ind2=" ">
    <ns0:subfield code="a">03</ns0:subfield>
  </ns0:datafield>
  <ns0:datafield tag="856" ind1="4" ind2=" ">
    <ns0:subfield code="y">العربية</ns0:subfield>
    <ns0:subfield code="9">471c54b7-49c0-41eb-9ddd-271ada26c583</ns0:subfield>
    <ns0:subfield code="s">246351</ns0:subfield>
    <ns0:subfield code="u">https://digitallibrary.un.org/record/4023953/files/A_C.3_78_L.11-AR.pdf</ns0:subfield>
  </ns0:datafield>
  <ns0:datafield tag="856" ind1="4" ind2=" ">
    <ns0:subfield code="y">中文</ns0:subfield>
    <ns0:subfield code="9">370af4c5-143f-4c12-9863-d0e40dc52c93</ns0:subfield>
    <ns0:subfield code="s">294313</ns0:subfield>
    <ns0:subfield code="u">https://digitallibrary.un.org/record/4023953/files/A_C.3_78_L.11-ZH.pdf</ns0:subfield>
  </ns0:datafield>
  <ns0:datafield tag="856" ind1="4" ind2=" ">
    <ns0:subfield code="y">English</ns0:subfield>
    <ns0:subfield code="9">fb056944-b93b-452f-89c5-6f73d4620108</ns0:subfield>
    <ns0:subfield code="s">203492</ns0:subfield>
    <ns0:subfield code="u">https://digitallibrary.un.org/record/4023953/files/A_C.3_78_L.11-EN.pdf</ns0:subfield>
  </ns0:datafield>
  <ns0:datafield tag="856" ind1="4" ind2=" ">
    <ns0:subfield code="y">Français</ns0:subfield>
    <ns0:subfield code="9">2d74e9da-3be2-46f2-bfb6-d9b5f198198a</ns0:subfield>
    <ns0:subfield code="s">207767</ns0:subfield>
    <ns0:subfield code="u">https://digitallibrary.un.org/record/4023953/files/A_C.3_78_L.11-FR.pdf</ns0:subfield>
  </ns0:datafield>
  <ns0:datafield tag="856" ind1="4" ind2=" ">
    <ns0:subfield code="y">Русский</ns0:subfield>
    <ns0:subfield code="9">c2e75ddf-a961-4634-a897-057204906fd1</ns0:subfield>
    <ns0:subfield code="s">218052</ns0:subfield>
    <ns0:subfield code="u">https://digitallibrary.un.org/record/4023953/files/A_C.3_78_L.11-RU.pdf</ns0:subfield>
  </ns0:datafield>
  <ns0:datafield tag="856" ind1="4" ind2=" ">
    <ns0:subfield code="y">Español</ns0:subfield>
    <ns0:subfield code="9">b0a5f464-8c06-49a6-a926-ac12d954f1c3</ns0:subfield>
    <ns0:subfield code="s">201157</ns0:subfield>
    <ns0:subfield code="u">https://digitallibrary.un.org/record/4023953/files/A_C.3_78_L.11-ES.pdf</ns0:subfield>
  </ns0:datafield>
  <ns0:datafield tag="930" ind1=" " ind2=" ">
    <ns0:subfield code="a">UNDOC23</ns0:subfield>
  </ns0:datafield>
  <ns0:datafield tag="980" ind1=" " ind2=" ">
    <ns0:subfield code="a">BIB</ns0:subfield>
  </ns0:datafield>
  <ns0:datafield tag="981" ind1=" " ind2=" ">
    <ns0:subfield code="a">General Assembly</ns0:subfield>
    <ns0:subfield code="b">3rd Committee</ns0:subfield>
  </ns0:datafield>
  <ns0:datafield tag="989" ind1=" " ind2=" ">
    <ns0:subfield code="a">Documents and Publications</ns0:subfield>
    <ns0:subfield code="b">Draft Resolutions and Decisions</ns0:subfield>
  </ns0:datafield>
  <ns0:datafield tag="991" ind1="1" ind2=" ">
    <ns0:subfield code="a">A/78/251</ns0:subfield>
    <ns0:subfield code="b">24b</ns0:subfield>
    <ns0:subfield code="c">Social development, including questions relating to the world social situation and to youth, ageing, disabled persons and the family.</ns0:subfield>
    <ns0:subfield code="d">SOCIAL CONDITIONS</ns0:subfield>
    <ns0:subfield code="z">I</ns0:subfield>
    <ns0:subfield code="0">(DHLAUTH)934872</ns0:subfield>
  </ns0:datafield>
  <ns0:datafield tag="993" ind1="1" ind2=" ">
    <ns0:subfield code="a">A/RES/78/175</ns0:subfield>
  </ns0:datafield>
  <ns0:datafield tag="993" ind1="3" ind2=" ">
    <ns0:subfield code="a">A/78/472</ns0:subfield>
  </ns0:datafield>
  <ns0:datafield tag="999" ind1=" " ind2=" ">
    <ns0:subfield code="a">mmq20231016</ns0:subfield>
    <ns0:subfield code="b">20231016</ns0:subfield>
    <ns0:subfield code="c">q</ns0:subfield>
  </ns0:datafield>
  <ns0:datafield tag="999" ind1=" " ind2=" ">
    <ns0:subfield code="a">jsc20231016</ns0:subfield>
    <ns0:subfield code="b">20231016</ns0:subfield>
    <ns0:subfield code="c">c</ns0:subfield>
  </ns0:datafield>
  <ns0:datafield tag="999" ind1=" " ind2=" ">
    <ns0:subfield code="a">vvr20231016</ns0:subfield>
    <ns0:subfield code="b">20231016</ns0:subfield>
    <ns0:subfield code="c">r</ns0:subfield>
  </ns0:datafield>
  <ns0:datafield tag="999" ind1=" " ind2=" ">
    <ns0:subfield code="a">aru20231222</ns0:subfield>
    <ns0:subfield code="b">20231222</ns0:subfield>
    <ns0:subfield code="c">u</ns0:subfield>
  </ns0:datafield>
  <ns0:datafield tag="999" ind1=" " ind2=" ">
    <ns0:subfield code="a">vwt20250516</ns0:subfield>
    <ns0:subfield code="b">20250516</ns0:subfield>
    <ns0:subfield code="c">t</ns0:subfield>
  </ns0:datafield>
</ns0:record>