

<ns0:record xmlns:ns0="http://www.loc.gov/MARC21/slim">
  <ns0:controlfield tag="000">00000nam a2200025#a ||||</ns0:controlfield>
  <ns0:controlfield tag="001">4027359</ns0:controlfield>
  <ns0:controlfield tag="005">20250516162723.0</ns0:controlfield>
  <ns0:datafield tag="029" ind1=" " ind2=" ">
    <ns0:subfield code="a">JN</ns0:subfield>
    <ns0:subfield code="b">N2321836 E</ns0:subfield>
  </ns0:datafield>
  <ns0:datafield tag="035" ind1=" " ind2=" ">
    <ns0:subfield code="a">(DHL)1388686</ns0:subfield>
  </ns0:datafield>
  <ns0:datafield tag="039" ind1=" " ind2=" ">
    <ns0:subfield code="a">DHU</ns0:subfield>
  </ns0:datafield>
  <ns0:datafield tag="040" ind1=" " ind2=" ">
    <ns0:subfield code="a">NNUN</ns0:subfield>
    <ns0:subfield code="b">eng</ns0:subfield>
  </ns0:datafield>
  <ns0:datafield tag="041" ind1="0" ind2=" ">
    <ns0:subfield code="a">eng</ns0:subfield>
  </ns0:datafield>
  <ns0:datafield tag="049" ind1=" " ind2=" ">
    <ns0:subfield code="a">usa</ns0:subfield>
  </ns0:datafield>
  <ns0:datafield tag="089" ind1=" " ind2=" ">
    <ns0:subfield code="b">B02</ns0:subfield>
  </ns0:datafield>
  <ns0:datafield tag="091" ind1=" " ind2=" ">
    <ns0:subfield code="a">LTD</ns0:subfield>
  </ns0:datafield>
  <ns0:datafield tag="099" ind1=" " ind2=" ">
    <ns0:subfield code="a">UNH</ns0:subfield>
    <ns0:subfield code="b">DHU</ns0:subfield>
  </ns0:datafield>
  <ns0:datafield tag="191" ind1=" " ind2=" ">
    <ns0:subfield code="a">A/C.3/78/L.17/Rev.1</ns0:subfield>
    <ns0:subfield code="b">A/</ns0:subfield>
    <ns0:subfield code="c">78</ns0:subfield>
    <ns0:subfield code="9">G10</ns0:subfield>
    <ns0:subfield code="0">(DHLAUTH)933608</ns0:subfield>
  </ns0:datafield>
  <ns0:datafield tag="245" ind1="1" ind2="0">
    <ns0:subfield code="a">Implementation of the outcome of the World Summit for Social Development and of the 24th special session of the General Assembly :</ns0:subfield>
    <ns0:subfield code="b">revised draft resolution /</ns0:subfield>
    <ns0:subfield code="c">Cuba [on behalf of the Group of 77 and China] and Kazakhstan</ns0:subfield>
  </ns0:datafield>
  <ns0:datafield tag="260" ind1=" " ind2=" ">
    <ns0:subfield code="a">[New York] :</ns0:subfield>
    <ns0:subfield code="b">UN,</ns0:subfield>
    <ns0:subfield code="c">8 Nov. 2023</ns0:subfield>
  </ns0:datafield>
  <ns0:datafield tag="269" ind1=" " ind2=" ">
    <ns0:subfield code="a">2023-11-08</ns0:subfield>
  </ns0:datafield>
  <ns0:datafield tag="300" ind1=" " ind2=" ">
    <ns0:subfield code="a">19 p.</ns0:subfield>
  </ns0:datafield>
  <ns0:datafield tag="515" ind1=" " ind2=" ">
    <ns0:subfield code="a">Additional sponsors: North Macedonia (A/78/472).</ns0:subfield>
  </ns0:datafield>
  <ns0:datafield tag="610" ind1="2" ind2="7">
    <ns0:subfield code="2">unbisn</ns0:subfield>
    <ns0:subfield code="a">UN. Commission for Social Development</ns0:subfield>
    <ns0:subfield code="0">(DHLAUTH)49913</ns0:subfield>
  </ns0:datafield>
  <ns0:datafield tag="630" ind1="0" ind2="7">
    <ns0:subfield code="a">2030 Agenda for Sustainable Development</ns0:subfield>
    <ns0:subfield code="2">unbisn</ns0:subfield>
    <ns0:subfield code="0">(DHLAUTH)869489</ns0:subfield>
  </ns0:datafield>
  <ns0:datafield tag="650" ind1="1" ind2="7">
    <ns0:subfield code="a">SUSTAINABLE DEVELOPMENT</ns0:subfield>
    <ns0:subfield code="2">unbist</ns0:subfield>
    <ns0:subfield code="0">(DHLAUTH)269920</ns0:subfield>
  </ns0:datafield>
  <ns0:datafield tag="650" ind1="1" ind2="7">
    <ns0:subfield code="a">SOCIAL DEVELOPMENT</ns0:subfield>
    <ns0:subfield code="2">unbist</ns0:subfield>
    <ns0:subfield code="0">(DHLAUTH)269873</ns0:subfield>
  </ns0:datafield>
  <ns0:datafield tag="650" ind1="1" ind2="7">
    <ns0:subfield code="a">EQUALITY</ns0:subfield>
    <ns0:subfield code="2">unbist</ns0:subfield>
    <ns0:subfield code="0">(DHLAUTH)268334</ns0:subfield>
  </ns0:datafield>
  <ns0:datafield tag="650" ind1="1" ind2="7">
    <ns0:subfield code="a">POVERTY MITIGATION</ns0:subfield>
    <ns0:subfield code="2">unbist</ns0:subfield>
    <ns0:subfield code="0">(DHLAUTH)274700</ns0:subfield>
  </ns0:datafield>
  <ns0:datafield tag="650" ind1="1" ind2="7">
    <ns0:subfield code="a">DEVELOPMENT STRATEGIES</ns0:subfield>
    <ns0:subfield code="2">unbist</ns0:subfield>
    <ns0:subfield code="0">(DHLAUTH)269884</ns0:subfield>
  </ns0:datafield>
  <ns0:datafield tag="650" ind1="1" ind2="7">
    <ns0:subfield code="a">DEVELOPMENT POLICY</ns0:subfield>
    <ns0:subfield code="2">unbist</ns0:subfield>
    <ns0:subfield code="0">(DHLAUTH)269893</ns0:subfield>
  </ns0:datafield>
  <ns0:datafield tag="650" ind1="1" ind2="7">
    <ns0:subfield code="2">unbist</ns0:subfield>
    <ns0:subfield code="a">HEALTH SERVICES</ns0:subfield>
    <ns0:subfield code="0">(DHLAUTH)273200</ns0:subfield>
  </ns0:datafield>
  <ns0:datafield tag="650" ind1="1" ind2="7">
    <ns0:subfield code="2">unbist</ns0:subfield>
    <ns0:subfield code="a">INTERNATIONAL COOPERATION</ns0:subfield>
    <ns0:subfield code="0">(DHLAUTH)268622</ns0:subfield>
  </ns0:datafield>
  <ns0:datafield tag="650" ind1="1" ind2="7">
    <ns0:subfield code="2">unbist</ns0:subfield>
    <ns0:subfield code="a">EDUCATION</ns0:subfield>
    <ns0:subfield code="0">(DHLAUTH)268926</ns0:subfield>
  </ns0:datafield>
  <ns0:datafield tag="710" ind1=" " ind2=" ">
    <ns0:subfield code="a">Cuba</ns0:subfield>
    <ns0:subfield code="9">ms</ns0:subfield>
    <ns0:subfield code="0">(DHLAUTH)72139</ns0:subfield>
  </ns0:datafield>
  <ns0:datafield tag="710" ind1=" " ind2=" ">
    <ns0:subfield code="a">Group of 77</ns0:subfield>
    <ns0:subfield code="0">(DHLAUTH)22399</ns0:subfield>
  </ns0:datafield>
  <ns0:datafield tag="710" ind1=" " ind2=" ">
    <ns0:subfield code="a">China</ns0:subfield>
    <ns0:subfield code="9">ms</ns0:subfield>
    <ns0:subfield code="0">(DHLAUTH)72079</ns0:subfield>
  </ns0:datafield>
  <ns0:datafield tag="710" ind1=" " ind2=" ">
    <ns0:subfield code="a">Kazakhstan</ns0:subfield>
    <ns0:subfield code="9">ms</ns0:subfield>
    <ns0:subfield code="0">(DHLAUTH)198897</ns0:subfield>
  </ns0:datafield>
  <ns0:datafield tag="793" ind1=" " ind2=" ">
    <ns0:subfield code="a">03</ns0:subfield>
  </ns0:datafield>
  <ns0:datafield tag="856" ind1="4" ind2=" ">
    <ns0:subfield code="y">العربية</ns0:subfield>
    <ns0:subfield code="9">c818ab34-4b23-4cfa-83d3-a42d0e1c6a9f</ns0:subfield>
    <ns0:subfield code="s">549662</ns0:subfield>
    <ns0:subfield code="u">https://digitallibrary.un.org/record/4027359/files/A_C.3_78_L.17_Rev.1-AR.pdf</ns0:subfield>
  </ns0:datafield>
  <ns0:datafield tag="856" ind1="4" ind2=" ">
    <ns0:subfield code="y">中文</ns0:subfield>
    <ns0:subfield code="9">b162bcea-6515-436a-9aae-2ab3308c180a</ns0:subfield>
    <ns0:subfield code="s">626907</ns0:subfield>
    <ns0:subfield code="u">https://digitallibrary.un.org/record/4027359/files/A_C.3_78_L.17_Rev.1-ZH.pdf</ns0:subfield>
  </ns0:datafield>
  <ns0:datafield tag="856" ind1="4" ind2=" ">
    <ns0:subfield code="y">English</ns0:subfield>
    <ns0:subfield code="9">c8e2bb02-341e-4c8e-85b9-a21a3ef5ab4b</ns0:subfield>
    <ns0:subfield code="s">352485</ns0:subfield>
    <ns0:subfield code="u">https://digitallibrary.un.org/record/4027359/files/A_C.3_78_L.17_Rev.1-EN.pdf</ns0:subfield>
  </ns0:datafield>
  <ns0:datafield tag="856" ind1="4" ind2=" ">
    <ns0:subfield code="y">Français</ns0:subfield>
    <ns0:subfield code="9">865d1a08-f8f7-4218-aac9-6faf58ea4f76</ns0:subfield>
    <ns0:subfield code="s">400111</ns0:subfield>
    <ns0:subfield code="u">https://digitallibrary.un.org/record/4027359/files/A_C.3_78_L.17_Rev.1-FR.pdf</ns0:subfield>
  </ns0:datafield>
  <ns0:datafield tag="856" ind1="4" ind2=" ">
    <ns0:subfield code="y">Русский</ns0:subfield>
    <ns0:subfield code="9">3353b33c-80a3-46f0-ae6e-02a5baaba1fa</ns0:subfield>
    <ns0:subfield code="s">414139</ns0:subfield>
    <ns0:subfield code="u">https://digitallibrary.un.org/record/4027359/files/A_C.3_78_L.17_Rev.1-RU.pdf</ns0:subfield>
  </ns0:datafield>
  <ns0:datafield tag="856" ind1="4" ind2=" ">
    <ns0:subfield code="y">Español</ns0:subfield>
    <ns0:subfield code="9">4f69275f-e00f-4d63-b5ec-d28a0fb4b46b</ns0:subfield>
    <ns0:subfield code="s">360169</ns0:subfield>
    <ns0:subfield code="u">https://digitallibrary.un.org/record/4027359/files/A_C.3_78_L.17_Rev.1-ES.pdf</ns0:subfield>
  </ns0:datafield>
  <ns0:datafield tag="930" ind1=" " ind2=" ">
    <ns0:subfield code="a">UNDNO23</ns0:subfield>
  </ns0:datafield>
  <ns0:datafield tag="980" ind1=" " ind2=" ">
    <ns0:subfield code="a">BIB</ns0:subfield>
  </ns0:datafield>
  <ns0:datafield tag="981" ind1=" " ind2=" ">
    <ns0:subfield code="a">General Assembly</ns0:subfield>
    <ns0:subfield code="b">3rd Committee</ns0:subfield>
  </ns0:datafield>
  <ns0:datafield tag="989" ind1=" " ind2=" ">
    <ns0:subfield code="a">Documents and Publications</ns0:subfield>
    <ns0:subfield code="b">Draft Resolutions and Decisions</ns0:subfield>
  </ns0:datafield>
  <ns0:datafield tag="991" ind1="1" ind2=" ">
    <ns0:subfield code="a">A/78/251</ns0:subfield>
    <ns0:subfield code="b">24a</ns0:subfield>
    <ns0:subfield code="c">Implementation of the outcome of the World Summit for Social Development and of the 24th special session of the General Assembly.</ns0:subfield>
    <ns0:subfield code="d">SOCIAL DEVELOPMENT--CONFERENCES</ns0:subfield>
    <ns0:subfield code="z">I</ns0:subfield>
    <ns0:subfield code="0">(DHLAUTH)934871</ns0:subfield>
  </ns0:datafield>
  <ns0:datafield tag="993" ind1="3" ind2=" ">
    <ns0:subfield code="a">A/78/472</ns0:subfield>
  </ns0:datafield>
  <ns0:datafield tag="993" ind1="1" ind2=" ">
    <ns0:subfield code="a">A/RES/78/174</ns0:subfield>
  </ns0:datafield>
  <ns0:datafield tag="999" ind1=" " ind2=" ">
    <ns0:subfield code="a">mmq20231116</ns0:subfield>
    <ns0:subfield code="b">20231116</ns0:subfield>
    <ns0:subfield code="c">q</ns0:subfield>
  </ns0:datafield>
  <ns0:datafield tag="999" ind1=" " ind2=" ">
    <ns0:subfield code="a">vvc20231116</ns0:subfield>
    <ns0:subfield code="b">20231116</ns0:subfield>
    <ns0:subfield code="c">c</ns0:subfield>
  </ns0:datafield>
  <ns0:datafield tag="999" ind1=" " ind2=" ">
    <ns0:subfield code="a">aru20231222</ns0:subfield>
    <ns0:subfield code="b">20231222</ns0:subfield>
    <ns0:subfield code="c">u</ns0:subfield>
  </ns0:datafield>
  <ns0:datafield tag="999" ind1=" " ind2=" ">
    <ns0:subfield code="a">vwt20250516</ns0:subfield>
    <ns0:subfield code="b">20250516</ns0:subfield>
    <ns0:subfield code="c">t</ns0:subfield>
  </ns0:datafield>
</ns0:record>

<ns0:record xmlns:ns0="http://www.loc.gov/MARC21/slim">
  <ns0:controlfield tag="000">00000nam a2200025#a ||||</ns0:controlfield>
  <ns0:controlfield tag="001">4027178</ns0:controlfield>
  <ns0:controlfield tag="005">20251121183900.0</ns0:controlfield>
  <ns0:datafield tag="029" ind1=" " ind2=" ">
    <ns0:subfield code="a">JN</ns0:subfield>
    <ns0:subfield code="b">N2321818 E</ns0:subfield>
  </ns0:datafield>
  <ns0:datafield tag="035" ind1=" " ind2=" ">
    <ns0:subfield code="a">(DHL)1388519</ns0:subfield>
  </ns0:datafield>
  <ns0:datafield tag="039" ind1=" " ind2=" ">
    <ns0:subfield code="a">DHU</ns0:subfield>
  </ns0:datafield>
  <ns0:datafield tag="040" ind1=" " ind2=" ">
    <ns0:subfield code="a">NNUN</ns0:subfield>
    <ns0:subfield code="b">eng</ns0:subfield>
  </ns0:datafield>
  <ns0:datafield tag="041" ind1="0" ind2=" ">
    <ns0:subfield code="a">eng</ns0:subfield>
  </ns0:datafield>
  <ns0:datafield tag="049" ind1=" " ind2=" ">
    <ns0:subfield code="a">usa</ns0:subfield>
  </ns0:datafield>
  <ns0:datafield tag="089" ind1=" " ind2=" ">
    <ns0:subfield code="b">B02</ns0:subfield>
  </ns0:datafield>
  <ns0:datafield tag="091" ind1=" " ind2=" ">
    <ns0:subfield code="a">LTD</ns0:subfield>
  </ns0:datafield>
  <ns0:datafield tag="099" ind1=" " ind2=" ">
    <ns0:subfield code="a">UNH</ns0:subfield>
    <ns0:subfield code="b">DHU</ns0:subfield>
  </ns0:datafield>
  <ns0:datafield tag="191" ind1=" " ind2=" ">
    <ns0:subfield code="a">A/C.3/78/L.19/Rev.1</ns0:subfield>
    <ns0:subfield code="b">A/</ns0:subfield>
    <ns0:subfield code="c">78</ns0:subfield>
    <ns0:subfield code="9">G10</ns0:subfield>
    <ns0:subfield code="0">(DHLAUTH)933608</ns0:subfield>
  </ns0:datafield>
  <ns0:datafield tag="245" ind1="1" ind2="0">
    <ns0:subfield code="a">Rights of the child :</ns0:subfield>
    <ns0:subfield code="b">revised draft resolution /</ns0:subfield>
    <ns0:subfield code="c">Albania, Antigua and Barbuda, Argentina, Armenia, Austria, Bahamas, Barbados, Belgium, Belize, Bhutan, Bolivia (Plurinational State of), Bosnia and Herzegovina, Brazil, Bulgaria, Central African Republic, Chile, Colombia, Congo, Costa Rica, Croatia, Cuba, Cyprus, Czechia, Denmark, Dominica, Dominican Republic, Ecuador, El Salvador, Equatorial Guinea, Estonia, Fiji, Finland, France, Germany, Greece, Grenada, Guatemala, Guyana, Haiti, Honduras, Hungary, Ireland, Italy, Jamaica, Latvia, Lithuania, Luxembourg, Malta, Mexico, Monaco, Montenegro, Netherlands (Kingdom of the), Nicaragua, North Macedonia, Panama, Paraguay, Peru, Poland, Portugal, Republic of Moldova, Romania, Saint Kitts and Nevis, Saint Lucia, Saint Vincent and the Grenadines, Slovakia, Slovenia, Spain, Suriname, Sweden, Trinidad and Tobago, Ukraine, Uruguay and Venezuela (Bolivarian Republic of)</ns0:subfield>
  </ns0:datafield>
  <ns0:datafield tag="260" ind1=" " ind2=" ">
    <ns0:subfield code="a">[New York] :</ns0:subfield>
    <ns0:subfield code="b">UN,</ns0:subfield>
    <ns0:subfield code="c">8 Nov. 2023</ns0:subfield>
  </ns0:datafield>
  <ns0:datafield tag="269" ind1=" " ind2=" ">
    <ns0:subfield code="a">2023-11-08</ns0:subfield>
  </ns0:datafield>
  <ns0:datafield tag="300" ind1=" " ind2=" ">
    <ns0:subfield code="a">19 p.</ns0:subfield>
  </ns0:datafield>
  <ns0:datafield tag="515" ind1=" " ind2=" ">
    <ns0:subfield code="a">Additional sponsors: Andorra, Australia, Bangladesh, Canada, Côte d'Ivoire, Georgia, Guinea, Iceland, Japan, Kazakhstan, Kyrgyzstan, Lebanon, Liechtenstein, Malawi, Mongolia, Morocco, Nepal, New Zealand, Norway, Philippines, Republic of Korea, San Marino, Serbia, Sierra Leone, Switzerland, Thailand, Tunisia, Türkiye and United Kingdom (A/78/476).</ns0:subfield>
  </ns0:datafield>
  <ns0:datafield tag="610" ind1="2" ind2="7">
    <ns0:subfield code="a">UN. Special Representative of the Secretary-General on Violence against Children</ns0:subfield>
    <ns0:subfield code="2">unbisn</ns0:subfield>
    <ns0:subfield code="0">(DHLAUTH)740171</ns0:subfield>
  </ns0:datafield>
  <ns0:datafield tag="610" ind1="2" ind2="7">
    <ns0:subfield code="a">UN. Special Representative of the Secretary-General for Children and Armed Conflict</ns0:subfield>
    <ns0:subfield code="2">unbisn</ns0:subfield>
    <ns0:subfield code="0">(DHLAUTH)487289</ns0:subfield>
  </ns0:datafield>
  <ns0:datafield tag="610" ind1="2" ind2="7">
    <ns0:subfield code="2">unbisn</ns0:subfield>
    <ns0:subfield code="a">UN. Human Rights Council. Special Rapporteur on the Sale, Sexual Exploitation and Sexual Abuse of Children</ns0:subfield>
    <ns0:subfield code="0">(DHLAUTH)716119</ns0:subfield>
  </ns0:datafield>
  <ns0:datafield tag="630" ind1=" " ind2=" ">
    <ns0:subfield code="a">Convention on the Rights of the Child (1989)</ns0:subfield>
    <ns0:subfield code="0">(DHLAUTH)44316</ns0:subfield>
  </ns0:datafield>
  <ns0:datafield tag="630" ind1="0" ind2="7">
    <ns0:subfield code="a">Sustainable Development Goals</ns0:subfield>
    <ns0:subfield code="2">unbisn</ns0:subfield>
    <ns0:subfield code="0">(DHLAUTH)869473</ns0:subfield>
  </ns0:datafield>
  <ns0:datafield tag="650" ind1="1" ind2="7">
    <ns0:subfield code="a">RIGHTS OF THE CHILD</ns0:subfield>
    <ns0:subfield code="2">unbist</ns0:subfield>
    <ns0:subfield code="0">(DHLAUTH)272975</ns0:subfield>
  </ns0:datafield>
  <ns0:datafield tag="650" ind1="1" ind2="7">
    <ns0:subfield code="a">ANTI-DISCRIMINATION MEASURES</ns0:subfield>
    <ns0:subfield code="2">unbist</ns0:subfield>
    <ns0:subfield code="0">(DHLAUTH)610794</ns0:subfield>
  </ns0:datafield>
  <ns0:datafield tag="650" ind1="1" ind2="7">
    <ns0:subfield code="a">CHILD ABUSE</ns0:subfield>
    <ns0:subfield code="2">unbist</ns0:subfield>
    <ns0:subfield code="0">(DHLAUTH)272956</ns0:subfield>
  </ns0:datafield>
  <ns0:datafield tag="650" ind1="1" ind2="7">
    <ns0:subfield code="a">CHILD WELFARE</ns0:subfield>
    <ns0:subfield code="2">unbist</ns0:subfield>
    <ns0:subfield code="0">(DHLAUTH)272969</ns0:subfield>
  </ns0:datafield>
  <ns0:datafield tag="650" ind1="1" ind2="7">
    <ns0:subfield code="a">CHILDREN IN ARMED CONFLICTS</ns0:subfield>
    <ns0:subfield code="2">unbist</ns0:subfield>
    <ns0:subfield code="0">(DHLAUTH)276638</ns0:subfield>
  </ns0:datafield>
  <ns0:datafield tag="650" ind1=" " ind2=" ">
    <ns0:subfield code="a">DIGITAL DIVIDE</ns0:subfield>
    <ns0:subfield code="0">(DHLAUTH)606386</ns0:subfield>
  </ns0:datafield>
  <ns0:datafield tag="650" ind1=" " ind2=" ">
    <ns0:subfield code="a">DIGITAL TECHNOLOGY</ns0:subfield>
    <ns0:subfield code="0">(DHLAUTH)276639</ns0:subfield>
  </ns0:datafield>
  <ns0:datafield tag="650" ind1=" " ind2=" ">
    <ns0:subfield code="a">DATA PROTECTION</ns0:subfield>
    <ns0:subfield code="0">(DHLAUTH)269230</ns0:subfield>
  </ns0:datafield>
  <ns0:datafield tag="710" ind1=" " ind2=" ">
    <ns0:subfield code="a">Albania</ns0:subfield>
    <ns0:subfield code="9">ms</ns0:subfield>
    <ns0:subfield code="0">(DHLAUTH)103802</ns0:subfield>
  </ns0:datafield>
  <ns0:datafield tag="710" ind1="2" ind2=" ">
    <ns0:subfield code="a">Antigua and Barbuda</ns0:subfield>
    <ns0:subfield code="0">(DHLAUTH)77692</ns0:subfield>
  </ns0:datafield>
  <ns0:datafield tag="710" ind1="2" ind2=" ">
    <ns0:subfield code="a">Argentina</ns0:subfield>
    <ns0:subfield code="0">(DHLAUTH)71947</ns0:subfield>
  </ns0:datafield>
  <ns0:datafield tag="710" ind1=" " ind2=" ">
    <ns0:subfield code="a">Armenia</ns0:subfield>
    <ns0:subfield code="9">ms</ns0:subfield>
    <ns0:subfield code="0">(DHLAUTH)198887</ns0:subfield>
  </ns0:datafield>
  <ns0:datafield tag="710" ind1="2" ind2=" ">
    <ns0:subfield code="a">Austria</ns0:subfield>
    <ns0:subfield code="0">(DHLAUTH)71959</ns0:subfield>
  </ns0:datafield>
  <ns0:datafield tag="710" ind1="2" ind2=" ">
    <ns0:subfield code="a">Bahamas (The)</ns0:subfield>
    <ns0:subfield code="0">(DHLAUTH)71965</ns0:subfield>
  </ns0:datafield>
  <ns0:datafield tag="710" ind1="2" ind2=" ">
    <ns0:subfield code="a">Barbados</ns0:subfield>
    <ns0:subfield code="0">(DHLAUTH)71971</ns0:subfield>
  </ns0:datafield>
  <ns0:datafield tag="710" ind1="2" ind2=" ">
    <ns0:subfield code="a">Belgium</ns0:subfield>
    <ns0:subfield code="0">(DHLAUTH)58943</ns0:subfield>
  </ns0:datafield>
  <ns0:datafield tag="710" ind1="2" ind2=" ">
    <ns0:subfield code="a">Belize</ns0:subfield>
    <ns0:subfield code="0">(DHLAUTH)71973</ns0:subfield>
  </ns0:datafield>
  <ns0:datafield tag="710" ind1=" " ind2=" ">
    <ns0:subfield code="a">Bhutan</ns0:subfield>
    <ns0:subfield code="9">ms</ns0:subfield>
    <ns0:subfield code="0">(DHLAUTH)71981</ns0:subfield>
  </ns0:datafield>
  <ns0:datafield tag="710" ind1="2" ind2=" ">
    <ns0:subfield code="a">Bolivia (Plurinational State of)</ns0:subfield>
    <ns0:subfield code="0">(DHLAUTH)762255</ns0:subfield>
  </ns0:datafield>
  <ns0:datafield tag="710" ind1=" " ind2=" ">
    <ns0:subfield code="a">Bosnia and Herzegovina</ns0:subfield>
    <ns0:subfield code="9">ms</ns0:subfield>
    <ns0:subfield code="0">(DHLAUTH)202549</ns0:subfield>
  </ns0:datafield>
  <ns0:datafield tag="710" ind1="2" ind2=" ">
    <ns0:subfield code="a">Brazil</ns0:subfield>
    <ns0:subfield code="0">(DHLAUTH)59069</ns0:subfield>
  </ns0:datafield>
  <ns0:datafield tag="710" ind1="2" ind2=" ">
    <ns0:subfield code="a">Bulgaria</ns0:subfield>
    <ns0:subfield code="0">(DHLAUTH)72007</ns0:subfield>
  </ns0:datafield>
  <ns0:datafield tag="710" ind1=" " ind2=" ">
    <ns0:subfield code="a">Central African Republic</ns0:subfield>
    <ns0:subfield code="9">ms</ns0:subfield>
    <ns0:subfield code="0">(DHLAUTH)72057</ns0:subfield>
  </ns0:datafield>
  <ns0:datafield tag="710" ind1="2" ind2=" ">
    <ns0:subfield code="a">Chile</ns0:subfield>
    <ns0:subfield code="0">(DHLAUTH)72077</ns0:subfield>
  </ns0:datafield>
  <ns0:datafield tag="710" ind1="2" ind2=" ">
    <ns0:subfield code="a">Colombia</ns0:subfield>
    <ns0:subfield code="0">(DHLAUTH)72097</ns0:subfield>
  </ns0:datafield>
  <ns0:datafield tag="710" ind1=" " ind2=" ">
    <ns0:subfield code="a">Congo</ns0:subfield>
    <ns0:subfield code="9">ms</ns0:subfield>
    <ns0:subfield code="0">(DHLAUTH)59541</ns0:subfield>
  </ns0:datafield>
  <ns0:datafield tag="710" ind1="2" ind2=" ">
    <ns0:subfield code="a">Costa Rica</ns0:subfield>
    <ns0:subfield code="0">(DHLAUTH)72125</ns0:subfield>
  </ns0:datafield>
  <ns0:datafield tag="710" ind1="2" ind2=" ">
    <ns0:subfield code="a">Cuba</ns0:subfield>
    <ns0:subfield code="0">(DHLAUTH)72139</ns0:subfield>
  </ns0:datafield>
  <ns0:datafield tag="710" ind1="2" ind2=" ">
    <ns0:subfield code="a">Croatia</ns0:subfield>
    <ns0:subfield code="0">(DHLAUTH)202559</ns0:subfield>
  </ns0:datafield>
  <ns0:datafield tag="710" ind1="2" ind2=" ">
    <ns0:subfield code="a">Cyprus</ns0:subfield>
    <ns0:subfield code="0">(DHLAUTH)72141</ns0:subfield>
  </ns0:datafield>
  <ns0:datafield tag="710" ind1="2" ind2=" ">
    <ns0:subfield code="a">Czechia</ns0:subfield>
    <ns0:subfield code="0">(DHLAUTH)880037</ns0:subfield>
  </ns0:datafield>
  <ns0:datafield tag="710" ind1="2" ind2=" ">
    <ns0:subfield code="a">Denmark</ns0:subfield>
    <ns0:subfield code="0">(DHLAUTH)72159</ns0:subfield>
  </ns0:datafield>
  <ns0:datafield tag="710" ind1="2" ind2=" ">
    <ns0:subfield code="a">Dominica</ns0:subfield>
    <ns0:subfield code="0">(DHLAUTH)59723</ns0:subfield>
  </ns0:datafield>
  <ns0:datafield tag="710" ind1="2" ind2=" ">
    <ns0:subfield code="a">Dominican Republic</ns0:subfield>
    <ns0:subfield code="0">(DHLAUTH)39679</ns0:subfield>
  </ns0:datafield>
  <ns0:datafield tag="710" ind1="2" ind2=" ">
    <ns0:subfield code="a">Ecuador</ns0:subfield>
    <ns0:subfield code="0">(DHLAUTH)72163</ns0:subfield>
  </ns0:datafield>
  <ns0:datafield tag="710" ind1="2" ind2=" ">
    <ns0:subfield code="a">Estonia</ns0:subfield>
    <ns0:subfield code="0">(DHLAUTH)190285</ns0:subfield>
  </ns0:datafield>
  <ns0:datafield tag="710" ind1="2" ind2=" ">
    <ns0:subfield code="a">El Salvador</ns0:subfield>
    <ns0:subfield code="0">(DHLAUTH)72167</ns0:subfield>
  </ns0:datafield>
  <ns0:datafield tag="710" ind1=" " ind2=" ">
    <ns0:subfield code="a">Equatorial Guinea</ns0:subfield>
    <ns0:subfield code="9">ms</ns0:subfield>
    <ns0:subfield code="0">(DHLAUTH)45185</ns0:subfield>
  </ns0:datafield>
  <ns0:datafield tag="710" ind1=" " ind2=" ">
    <ns0:subfield code="a">Fiji</ns0:subfield>
    <ns0:subfield code="9">ms</ns0:subfield>
    <ns0:subfield code="0">(DHLAUTH)72211</ns0:subfield>
  </ns0:datafield>
  <ns0:datafield tag="710" ind1="2" ind2=" ">
    <ns0:subfield code="a">France</ns0:subfield>
    <ns0:subfield code="0">(DHLAUTH)60043</ns0:subfield>
  </ns0:datafield>
  <ns0:datafield tag="710" ind1="2" ind2=" ">
    <ns0:subfield code="a">Finland</ns0:subfield>
    <ns0:subfield code="0">(DHLAUTH)59983</ns0:subfield>
  </ns0:datafield>
  <ns0:datafield tag="710" ind1="2" ind2=" ">
    <ns0:subfield code="a">Germany</ns0:subfield>
    <ns0:subfield code="0">(DHLAUTH)72242</ns0:subfield>
  </ns0:datafield>
  <ns0:datafield tag="710" ind1="2" ind2=" ">
    <ns0:subfield code="a">Greece</ns0:subfield>
    <ns0:subfield code="0">(DHLAUTH)72263</ns0:subfield>
  </ns0:datafield>
  <ns0:datafield tag="710" ind1="2" ind2=" ">
    <ns0:subfield code="a">Grenada</ns0:subfield>
    <ns0:subfield code="0">(DHLAUTH)39701</ns0:subfield>
  </ns0:datafield>
  <ns0:datafield tag="710" ind1="2" ind2=" ">
    <ns0:subfield code="a">Guatemala</ns0:subfield>
    <ns0:subfield code="0">(DHLAUTH)72281</ns0:subfield>
  </ns0:datafield>
  <ns0:datafield tag="710" ind1="2" ind2=" ">
    <ns0:subfield code="a">Guyana</ns0:subfield>
    <ns0:subfield code="0">(DHLAUTH)72287</ns0:subfield>
  </ns0:datafield>
  <ns0:datafield tag="710" ind1="2" ind2=" ">
    <ns0:subfield code="a">Haiti</ns0:subfield>
    <ns0:subfield code="0">(DHLAUTH)72289</ns0:subfield>
  </ns0:datafield>
  <ns0:datafield tag="710" ind1="2" ind2=" ">
    <ns0:subfield code="a">Honduras</ns0:subfield>
    <ns0:subfield code="0">(DHLAUTH)39711</ns0:subfield>
  </ns0:datafield>
  <ns0:datafield tag="710" ind1="2" ind2=" ">
    <ns0:subfield code="a">Hungary</ns0:subfield>
    <ns0:subfield code="0">(DHLAUTH)39715</ns0:subfield>
  </ns0:datafield>
  <ns0:datafield tag="710" ind1="2" ind2=" ">
    <ns0:subfield code="a">Ireland</ns0:subfield>
    <ns0:subfield code="0">(DHLAUTH)72475</ns0:subfield>
  </ns0:datafield>
  <ns0:datafield tag="710" ind1="2" ind2=" ">
    <ns0:subfield code="a">Italy</ns0:subfield>
    <ns0:subfield code="0">(DHLAUTH)72483</ns0:subfield>
  </ns0:datafield>
  <ns0:datafield tag="710" ind1="2" ind2=" ">
    <ns0:subfield code="a">Jamaica</ns0:subfield>
    <ns0:subfield code="0">(DHLAUTH)72493</ns0:subfield>
  </ns0:datafield>
  <ns0:datafield tag="710" ind1="2" ind2=" ">
    <ns0:subfield code="a">Latvia</ns0:subfield>
    <ns0:subfield code="0">(DHLAUTH)190275</ns0:subfield>
  </ns0:datafield>
  <ns0:datafield tag="710" ind1="2" ind2=" ">
    <ns0:subfield code="a">Lithuania</ns0:subfield>
    <ns0:subfield code="0">(DHLAUTH)190293</ns0:subfield>
  </ns0:datafield>
  <ns0:datafield tag="710" ind1="2" ind2=" ">
    <ns0:subfield code="a">Malta</ns0:subfield>
    <ns0:subfield code="0">(DHLAUTH)72563</ns0:subfield>
  </ns0:datafield>
  <ns0:datafield tag="710" ind1="2" ind2=" ">
    <ns0:subfield code="a">Luxembourg</ns0:subfield>
    <ns0:subfield code="0">(DHLAUTH)39895</ns0:subfield>
  </ns0:datafield>
  <ns0:datafield tag="710" ind1="2" ind2=" ">
    <ns0:subfield code="a">Mexico</ns0:subfield>
    <ns0:subfield code="0">(DHLAUTH)72583</ns0:subfield>
  </ns0:datafield>
  <ns0:datafield tag="710" ind1=" " ind2=" ">
    <ns0:subfield code="a">Monaco</ns0:subfield>
    <ns0:subfield code="9">ms</ns0:subfield>
    <ns0:subfield code="0">(DHLAUTH)239876</ns0:subfield>
  </ns0:datafield>
  <ns0:datafield tag="710" ind1="2" ind2=" ">
    <ns0:subfield code="a">Netherlands (Kingdom of the)</ns0:subfield>
    <ns0:subfield code="0">(DHLAUTH)935619</ns0:subfield>
  </ns0:datafield>
  <ns0:datafield tag="710" ind1=" " ind2=" ">
    <ns0:subfield code="a">Montenegro</ns0:subfield>
    <ns0:subfield code="9">ms</ns0:subfield>
    <ns0:subfield code="0">(DHLAUTH)709795</ns0:subfield>
  </ns0:datafield>
  <ns0:datafield tag="710" ind1="2" ind2=" ">
    <ns0:subfield code="a">Nicaragua</ns0:subfield>
    <ns0:subfield code="0">(DHLAUTH)72623</ns0:subfield>
  </ns0:datafield>
  <ns0:datafield tag="710" ind1=" " ind2=" ">
    <ns0:subfield code="a">North Macedonia</ns0:subfield>
    <ns0:subfield code="9">ms</ns0:subfield>
    <ns0:subfield code="0">(DHLAUTH)898082</ns0:subfield>
  </ns0:datafield>
  <ns0:datafield tag="710" ind1="2" ind2=" ">
    <ns0:subfield code="a">Panama</ns0:subfield>
    <ns0:subfield code="0">(DHLAUTH)40007</ns0:subfield>
  </ns0:datafield>
  <ns0:datafield tag="710" ind1="2" ind2=" ">
    <ns0:subfield code="a">Paraguay</ns0:subfield>
    <ns0:subfield code="0">(DHLAUTH)72727</ns0:subfield>
  </ns0:datafield>
  <ns0:datafield tag="710" ind1="2" ind2=" ">
    <ns0:subfield code="a">Peru</ns0:subfield>
    <ns0:subfield code="0">(DHLAUTH)40025</ns0:subfield>
  </ns0:datafield>
  <ns0:datafield tag="710" ind1="2" ind2=" ">
    <ns0:subfield code="a">Poland</ns0:subfield>
    <ns0:subfield code="0">(DHLAUTH)72769</ns0:subfield>
  </ns0:datafield>
  <ns0:datafield tag="710" ind1="2" ind2=" ">
    <ns0:subfield code="a">Portugal</ns0:subfield>
    <ns0:subfield code="0">(DHLAUTH)40035</ns0:subfield>
  </ns0:datafield>
  <ns0:datafield tag="710" ind1=" " ind2=" ">
    <ns0:subfield code="a">Republic of Moldova</ns0:subfield>
    <ns0:subfield code="9">ms</ns0:subfield>
    <ns0:subfield code="0">(DHLAUTH)139584</ns0:subfield>
  </ns0:datafield>
  <ns0:datafield tag="710" ind1="2" ind2=" ">
    <ns0:subfield code="a">Romania</ns0:subfield>
    <ns0:subfield code="0">(DHLAUTH)40047</ns0:subfield>
  </ns0:datafield>
  <ns0:datafield tag="710" ind1="2" ind2=" ">
    <ns0:subfield code="a">Saint Kitts and Nevis</ns0:subfield>
    <ns0:subfield code="0">(DHLAUTH)97029</ns0:subfield>
  </ns0:datafield>
  <ns0:datafield tag="710" ind1="2" ind2=" ">
    <ns0:subfield code="a">Saint Lucia</ns0:subfield>
    <ns0:subfield code="0">(DHLAUTH)40055</ns0:subfield>
  </ns0:datafield>
  <ns0:datafield tag="710" ind1="2" ind2=" ">
    <ns0:subfield code="a">Saint Vincent and the Grenadines</ns0:subfield>
    <ns0:subfield code="0">(DHLAUTH)40059</ns0:subfield>
  </ns0:datafield>
  <ns0:datafield tag="710" ind1="2" ind2=" ">
    <ns0:subfield code="a">Slovakia</ns0:subfield>
    <ns0:subfield code="0">(DHLAUTH)59648</ns0:subfield>
  </ns0:datafield>
  <ns0:datafield tag="710" ind1="2" ind2=" ">
    <ns0:subfield code="a">Slovenia</ns0:subfield>
    <ns0:subfield code="0">(DHLAUTH)202569</ns0:subfield>
  </ns0:datafield>
  <ns0:datafield tag="710" ind1="2" ind2=" ">
    <ns0:subfield code="a">Spain</ns0:subfield>
    <ns0:subfield code="0">(DHLAUTH)72857</ns0:subfield>
  </ns0:datafield>
  <ns0:datafield tag="710" ind1="2" ind2=" ">
    <ns0:subfield code="a">Suriname</ns0:subfield>
    <ns0:subfield code="0">(DHLAUTH)72865</ns0:subfield>
  </ns0:datafield>
  <ns0:datafield tag="710" ind1="2" ind2=" ">
    <ns0:subfield code="a">Trinidad and Tobago</ns0:subfield>
    <ns0:subfield code="0">(DHLAUTH)40071</ns0:subfield>
  </ns0:datafield>
  <ns0:datafield tag="710" ind1="2" ind2=" ">
    <ns0:subfield code="a">Sweden</ns0:subfield>
    <ns0:subfield code="0">(DHLAUTH)72871</ns0:subfield>
  </ns0:datafield>
  <ns0:datafield tag="710" ind1=" " ind2=" ">
    <ns0:subfield code="a">Ukraine</ns0:subfield>
    <ns0:subfield code="9">ms</ns0:subfield>
    <ns0:subfield code="0">(DHLAUTH)28897</ns0:subfield>
  </ns0:datafield>
  <ns0:datafield tag="710" ind1="2" ind2=" ">
    <ns0:subfield code="a">Uruguay</ns0:subfield>
    <ns0:subfield code="0">(DHLAUTH)40099</ns0:subfield>
  </ns0:datafield>
  <ns0:datafield tag="710" ind1="2" ind2=" ">
    <ns0:subfield code="a">Venezuela (Bolivarian Republic of)</ns0:subfield>
    <ns0:subfield code="0">(DHLAUTH)677684</ns0:subfield>
  </ns0:datafield>
  <ns0:datafield tag="793" ind1=" " ind2=" ">
    <ns0:subfield code="a">03</ns0:subfield>
  </ns0:datafield>
  <ns0:datafield tag="856" ind1="4" ind2=" ">
    <ns0:subfield code="y">العربية</ns0:subfield>
    <ns0:subfield code="9">c8c0127e-f873-43bf-b00e-0ba532181f4f</ns0:subfield>
    <ns0:subfield code="s">1081240</ns0:subfield>
    <ns0:subfield code="u">https://digitallibrary.un.org/record/4027178/files/A_C.3_78_L.19_Rev.1-AR.pdf</ns0:subfield>
  </ns0:datafield>
  <ns0:datafield tag="856" ind1="4" ind2=" ">
    <ns0:subfield code="y">中文</ns0:subfield>
    <ns0:subfield code="9">e38b2e57-9379-436c-9d43-c6ffb0c7bd45</ns0:subfield>
    <ns0:subfield code="s">707816</ns0:subfield>
    <ns0:subfield code="u">https://digitallibrary.un.org/record/4027178/files/A_C.3_78_L.19_Rev.1-ZH.pdf</ns0:subfield>
  </ns0:datafield>
  <ns0:datafield tag="856" ind1="4" ind2=" ">
    <ns0:subfield code="y">English</ns0:subfield>
    <ns0:subfield code="9">d1ec5d07-1d1b-4a1b-8fdb-9adebc84e74f</ns0:subfield>
    <ns0:subfield code="s">360940</ns0:subfield>
    <ns0:subfield code="u">https://digitallibrary.un.org/record/4027178/files/A_C.3_78_L.19_Rev.1-EN.pdf</ns0:subfield>
  </ns0:datafield>
  <ns0:datafield tag="856" ind1="4" ind2=" ">
    <ns0:subfield code="y">Français</ns0:subfield>
    <ns0:subfield code="9">82433ccf-00e1-4c33-8ad0-e7d1741d94d6</ns0:subfield>
    <ns0:subfield code="s">423388</ns0:subfield>
    <ns0:subfield code="u">https://digitallibrary.un.org/record/4027178/files/A_C.3_78_L.19_Rev.1-FR.pdf</ns0:subfield>
  </ns0:datafield>
  <ns0:datafield tag="856" ind1="4" ind2=" ">
    <ns0:subfield code="y">Русский</ns0:subfield>
    <ns0:subfield code="9">a2b0bdf6-3e8c-4b21-ab49-9cb8224ac9c9</ns0:subfield>
    <ns0:subfield code="s">418836</ns0:subfield>
    <ns0:subfield code="u">https://digitallibrary.un.org/record/4027178/files/A_C.3_78_L.19_Rev.1-RU.pdf</ns0:subfield>
  </ns0:datafield>
  <ns0:datafield tag="856" ind1="4" ind2=" ">
    <ns0:subfield code="y">Español</ns0:subfield>
    <ns0:subfield code="9">bee97018-c391-4000-a61a-6b0097d4ddaa</ns0:subfield>
    <ns0:subfield code="s">365404</ns0:subfield>
    <ns0:subfield code="u">https://digitallibrary.un.org/record/4027178/files/A_C.3_78_L.19_Rev.1-ES.pdf</ns0:subfield>
  </ns0:datafield>
  <ns0:datafield tag="930" ind1=" " ind2=" ">
    <ns0:subfield code="a">UNDNO23</ns0:subfield>
  </ns0:datafield>
  <ns0:datafield tag="980" ind1=" " ind2=" ">
    <ns0:subfield code="a">BIB</ns0:subfield>
  </ns0:datafield>
  <ns0:datafield tag="981" ind1=" " ind2=" ">
    <ns0:subfield code="a">General Assembly</ns0:subfield>
    <ns0:subfield code="b">3rd Committee</ns0:subfield>
  </ns0:datafield>
  <ns0:datafield tag="989" ind1=" " ind2=" ">
    <ns0:subfield code="a">Documents and Publications</ns0:subfield>
    <ns0:subfield code="b">Draft Resolutions and Decisions</ns0:subfield>
  </ns0:datafield>
  <ns0:datafield tag="991" ind1="1" ind2=" ">
    <ns0:subfield code="a">A/78/251</ns0:subfield>
    <ns0:subfield code="b">67</ns0:subfield>
    <ns0:subfield code="c">Promotion and protection of the rights of children.</ns0:subfield>
    <ns0:subfield code="d">RIGHTS OF THE CHILD</ns0:subfield>
    <ns0:subfield code="z">I</ns0:subfield>
    <ns0:subfield code="0">(DHLAUTH)934945</ns0:subfield>
  </ns0:datafield>
  <ns0:datafield tag="993" ind1="1" ind2=" ">
    <ns0:subfield code="a">A/RES/78/187</ns0:subfield>
  </ns0:datafield>
  <ns0:datafield tag="993" ind1="3" ind2=" ">
    <ns0:subfield code="a">A/78/476</ns0:subfield>
  </ns0:datafield>
  <ns0:datafield tag="999" ind1=" " ind2=" ">
    <ns0:subfield code="a">mmq20231115</ns0:subfield>
    <ns0:subfield code="b">20231115</ns0:subfield>
    <ns0:subfield code="c">q</ns0:subfield>
  </ns0:datafield>
  <ns0:datafield tag="999" ind1=" " ind2=" ">
    <ns0:subfield code="a">vvc20231115</ns0:subfield>
    <ns0:subfield code="b">20231115</ns0:subfield>
    <ns0:subfield code="c">c</ns0:subfield>
  </ns0:datafield>
  <ns0:datafield tag="999" ind1=" " ind2=" ">
    <ns0:subfield code="a">aru20231222</ns0:subfield>
    <ns0:subfield code="b">20231222</ns0:subfield>
    <ns0:subfield code="c">u</ns0:subfield>
  </ns0:datafield>
  <ns0:datafield tag="999" ind1=" " ind2=" ">
    <ns0:subfield code="a">vwt20250516</ns0:subfield>
    <ns0:subfield code="b">20250516</ns0:subfield>
    <ns0:subfield code="c">t</ns0:subfield>
  </ns0:datafield>
</ns0:record>