

<ns0:record xmlns:ns0="http://www.loc.gov/MARC21/slim">
  <ns0:controlfield tag="000">00000nam a2200025#a ||||</ns0:controlfield>
  <ns0:controlfield tag="001">4024695</ns0:controlfield>
  <ns0:controlfield tag="005">20250516162106.0</ns0:controlfield>
  <ns0:datafield tag="029" ind1=" " ind2=" ">
    <ns0:subfield code="a">JN</ns0:subfield>
    <ns0:subfield code="b">N2320216 E</ns0:subfield>
  </ns0:datafield>
  <ns0:datafield tag="035" ind1=" " ind2=" ">
    <ns0:subfield code="a">(DHL)1386458</ns0:subfield>
  </ns0:datafield>
  <ns0:datafield tag="039" ind1=" " ind2=" ">
    <ns0:subfield code="a">DHU</ns0:subfield>
  </ns0:datafield>
  <ns0:datafield tag="040" ind1=" " ind2=" ">
    <ns0:subfield code="a">NNUN</ns0:subfield>
    <ns0:subfield code="b">eng</ns0:subfield>
  </ns0:datafield>
  <ns0:datafield tag="041" ind1="0" ind2=" ">
    <ns0:subfield code="a">eng</ns0:subfield>
  </ns0:datafield>
  <ns0:datafield tag="049" ind1=" " ind2=" ">
    <ns0:subfield code="a">usa</ns0:subfield>
  </ns0:datafield>
  <ns0:datafield tag="089" ind1=" " ind2=" ">
    <ns0:subfield code="b">B02</ns0:subfield>
  </ns0:datafield>
  <ns0:datafield tag="091" ind1=" " ind2=" ">
    <ns0:subfield code="a">LTD</ns0:subfield>
  </ns0:datafield>
  <ns0:datafield tag="099" ind1=" " ind2=" ">
    <ns0:subfield code="a">UNH</ns0:subfield>
    <ns0:subfield code="b">DHU</ns0:subfield>
  </ns0:datafield>
  <ns0:datafield tag="191" ind1=" " ind2=" ">
    <ns0:subfield code="a">A/C.3/78/L.20</ns0:subfield>
    <ns0:subfield code="b">A/</ns0:subfield>
    <ns0:subfield code="c">78</ns0:subfield>
    <ns0:subfield code="9">G10</ns0:subfield>
    <ns0:subfield code="0">(DHLAUTH)933608</ns0:subfield>
  </ns0:datafield>
  <ns0:datafield tag="245" ind1="1" ind2="0">
    <ns0:subfield code="a">Rights of indigenous peoples :</ns0:subfield>
    <ns0:subfield code="b">draft resolution /</ns0:subfield>
    <ns0:subfield code="c">Bolivia (Plurinational State of), Brazil, Ecuador, North Macedonia and Venezuela (Bolivarian Republic of)</ns0:subfield>
  </ns0:datafield>
  <ns0:datafield tag="260" ind1=" " ind2=" ">
    <ns0:subfield code="a">[New York] :</ns0:subfield>
    <ns0:subfield code="b">UN,</ns0:subfield>
    <ns0:subfield code="c">17 Oct. 2023</ns0:subfield>
  </ns0:datafield>
  <ns0:datafield tag="269" ind1=" " ind2=" ">
    <ns0:subfield code="a">2023-10-17</ns0:subfield>
  </ns0:datafield>
  <ns0:datafield tag="300" ind1=" " ind2=" ">
    <ns0:subfield code="a">13 p.</ns0:subfield>
  </ns0:datafield>
  <ns0:datafield tag="610" ind1="2" ind2="7">
    <ns0:subfield code="2">unbisn</ns0:subfield>
    <ns0:subfield code="a">UN. Permanent Forum on Indigenous Issues</ns0:subfield>
    <ns0:subfield code="0">(DHLAUTH)464180</ns0:subfield>
  </ns0:datafield>
  <ns0:datafield tag="610" ind1="2" ind2="7">
    <ns0:subfield code="a">UN Voluntary Fund for Indigenous Peoples</ns0:subfield>
    <ns0:subfield code="2">unbisn</ns0:subfield>
    <ns0:subfield code="0">(DHLAUTH)856949</ns0:subfield>
  </ns0:datafield>
  <ns0:datafield tag="630" ind1="0" ind2="7">
    <ns0:subfield code="a">UN Declaration on the Rights of Indigenous Peoples (2007)</ns0:subfield>
    <ns0:subfield code="2">unbisn</ns0:subfield>
    <ns0:subfield code="0">(DHLAUTH)139226</ns0:subfield>
  </ns0:datafield>
  <ns0:datafield tag="630" ind1="0" ind2="7">
    <ns0:subfield code="a">International Decade of Indigenous Languages (2022–2032)</ns0:subfield>
    <ns0:subfield code="2">unbisn</ns0:subfield>
    <ns0:subfield code="0">(DHLAUTH)906595</ns0:subfield>
  </ns0:datafield>
  <ns0:datafield tag="650" ind1="1" ind2="7">
    <ns0:subfield code="a">INDIGENOUS PEOPLES</ns0:subfield>
    <ns0:subfield code="2">unbist</ns0:subfield>
    <ns0:subfield code="0">(DHLAUTH)273219</ns0:subfield>
  </ns0:datafield>
  <ns0:datafield tag="650" ind1="1" ind2="7">
    <ns0:subfield code="a">HUMAN RIGHTS</ns0:subfield>
    <ns0:subfield code="2">unbist</ns0:subfield>
    <ns0:subfield code="0">(DHLAUTH)274431</ns0:subfield>
  </ns0:datafield>
  <ns0:datafield tag="650" ind1="1" ind2="7">
    <ns0:subfield code="a">HUMAN RIGHTS ADVANCEMENT</ns0:subfield>
    <ns0:subfield code="2">unbist</ns0:subfield>
    <ns0:subfield code="0">(DHLAUTH)274478</ns0:subfield>
  </ns0:datafield>
  <ns0:datafield tag="650" ind1="1" ind2="7">
    <ns0:subfield code="2">unbist</ns0:subfield>
    <ns0:subfield code="a">COVID-19</ns0:subfield>
    <ns0:subfield code="0">(DHLAUTH)909877</ns0:subfield>
  </ns0:datafield>
  <ns0:datafield tag="650" ind1="1" ind2="7">
    <ns0:subfield code="2">unbist</ns0:subfield>
    <ns0:subfield code="a">LANGUAGES</ns0:subfield>
    <ns0:subfield code="0">(DHLAUTH)274128</ns0:subfield>
  </ns0:datafield>
  <ns0:datafield tag="650" ind1="1" ind2="7">
    <ns0:subfield code="2">unbist</ns0:subfield>
    <ns0:subfield code="a">INTERNATIONAL DECADES</ns0:subfield>
    <ns0:subfield code="0">(DHLAUTH)268661</ns0:subfield>
  </ns0:datafield>
  <ns0:datafield tag="650" ind1="1" ind2="7">
    <ns0:subfield code="2">unbist</ns0:subfield>
    <ns0:subfield code="a">CONFERENCES</ns0:subfield>
    <ns0:subfield code="0">(DHLAUTH)275758</ns0:subfield>
  </ns0:datafield>
  <ns0:datafield tag="710" ind1="2" ind2=" ">
    <ns0:subfield code="a">Bolivia (Plurinational State of)</ns0:subfield>
    <ns0:subfield code="0">(DHLAUTH)762255</ns0:subfield>
  </ns0:datafield>
  <ns0:datafield tag="710" ind1=" " ind2=" ">
    <ns0:subfield code="a">Brazil</ns0:subfield>
    <ns0:subfield code="9">ms</ns0:subfield>
    <ns0:subfield code="0">(DHLAUTH)59069</ns0:subfield>
  </ns0:datafield>
  <ns0:datafield tag="710" ind1="2" ind2=" ">
    <ns0:subfield code="a">Ecuador</ns0:subfield>
    <ns0:subfield code="0">(DHLAUTH)72163</ns0:subfield>
  </ns0:datafield>
  <ns0:datafield tag="710" ind1=" " ind2=" ">
    <ns0:subfield code="a">North Macedonia</ns0:subfield>
    <ns0:subfield code="9">ms</ns0:subfield>
    <ns0:subfield code="0">(DHLAUTH)898082</ns0:subfield>
  </ns0:datafield>
  <ns0:datafield tag="710" ind1="2" ind2=" ">
    <ns0:subfield code="a">Venezuela (Bolivarian Republic of)</ns0:subfield>
    <ns0:subfield code="0">(DHLAUTH)677684</ns0:subfield>
  </ns0:datafield>
  <ns0:datafield tag="793" ind1=" " ind2=" ">
    <ns0:subfield code="a">03</ns0:subfield>
  </ns0:datafield>
  <ns0:datafield tag="856" ind1="4" ind2=" ">
    <ns0:subfield code="y">العربية</ns0:subfield>
    <ns0:subfield code="9">72bd6d68-a34a-473d-b4ac-9ed16c31927b</ns0:subfield>
    <ns0:subfield code="s">484895</ns0:subfield>
    <ns0:subfield code="u">https://digitallibrary.un.org/record/4024695/files/A_C.3_78_L.20-AR.pdf</ns0:subfield>
  </ns0:datafield>
  <ns0:datafield tag="856" ind1="4" ind2=" ">
    <ns0:subfield code="y">中文</ns0:subfield>
    <ns0:subfield code="9">dd83e306-cd78-4625-a970-504c97d33f6d</ns0:subfield>
    <ns0:subfield code="s">559179</ns0:subfield>
    <ns0:subfield code="u">https://digitallibrary.un.org/record/4024695/files/A_C.3_78_L.20-ZH.pdf</ns0:subfield>
  </ns0:datafield>
  <ns0:datafield tag="856" ind1="4" ind2=" ">
    <ns0:subfield code="y">English</ns0:subfield>
    <ns0:subfield code="9">cf2d964b-fe1b-4d93-a8bc-893ed2e87177</ns0:subfield>
    <ns0:subfield code="s">264259</ns0:subfield>
    <ns0:subfield code="u">https://digitallibrary.un.org/record/4024695/files/A_C.3_78_L.20-EN.pdf</ns0:subfield>
  </ns0:datafield>
  <ns0:datafield tag="856" ind1="4" ind2=" ">
    <ns0:subfield code="y">Français</ns0:subfield>
    <ns0:subfield code="9">56883fce-0fd6-47fe-b982-98d8e69f3472</ns0:subfield>
    <ns0:subfield code="s">350077</ns0:subfield>
    <ns0:subfield code="u">https://digitallibrary.un.org/record/4024695/files/A_C.3_78_L.20-FR.pdf</ns0:subfield>
  </ns0:datafield>
  <ns0:datafield tag="856" ind1="4" ind2=" ">
    <ns0:subfield code="y">Русский</ns0:subfield>
    <ns0:subfield code="9">deae5838-1f8d-40c0-8dab-c77af82be13c</ns0:subfield>
    <ns0:subfield code="s">365674</ns0:subfield>
    <ns0:subfield code="u">https://digitallibrary.un.org/record/4024695/files/A_C.3_78_L.20-RU.pdf</ns0:subfield>
  </ns0:datafield>
  <ns0:datafield tag="856" ind1="4" ind2=" ">
    <ns0:subfield code="y">Español</ns0:subfield>
    <ns0:subfield code="9">82c6ee70-f76c-4bf7-8847-fbce4af5b4ac</ns0:subfield>
    <ns0:subfield code="s">325408</ns0:subfield>
    <ns0:subfield code="u">https://digitallibrary.un.org/record/4024695/files/A_C.3_78_L.20-ES.pdf</ns0:subfield>
  </ns0:datafield>
  <ns0:datafield tag="930" ind1=" " ind2=" ">
    <ns0:subfield code="a">UNDOC23</ns0:subfield>
  </ns0:datafield>
  <ns0:datafield tag="980" ind1=" " ind2=" ">
    <ns0:subfield code="a">BIB</ns0:subfield>
  </ns0:datafield>
  <ns0:datafield tag="981" ind1=" " ind2=" ">
    <ns0:subfield code="a">General Assembly</ns0:subfield>
    <ns0:subfield code="b">3rd Committee</ns0:subfield>
  </ns0:datafield>
  <ns0:datafield tag="989" ind1=" " ind2=" ">
    <ns0:subfield code="a">Documents and Publications</ns0:subfield>
    <ns0:subfield code="b">Draft Resolutions and Decisions</ns0:subfield>
  </ns0:datafield>
  <ns0:datafield tag="991" ind1="1" ind2=" ">
    <ns0:subfield code="a">A/78/251</ns0:subfield>
    <ns0:subfield code="b">68a</ns0:subfield>
    <ns0:subfield code="c">Rights of indigenous peoples.</ns0:subfield>
    <ns0:subfield code="d">INDIGENOUS PEOPLES</ns0:subfield>
    <ns0:subfield code="z">I</ns0:subfield>
    <ns0:subfield code="0">(DHLAUTH)934947</ns0:subfield>
  </ns0:datafield>
  <ns0:datafield tag="999" ind1=" " ind2=" ">
    <ns0:subfield code="a">pnq20231024</ns0:subfield>
    <ns0:subfield code="b">20231024</ns0:subfield>
    <ns0:subfield code="c">q</ns0:subfield>
  </ns0:datafield>
  <ns0:datafield tag="999" ind1=" " ind2=" ">
    <ns0:subfield code="a">vvc20231024</ns0:subfield>
    <ns0:subfield code="b">20231024</ns0:subfield>
    <ns0:subfield code="c">c</ns0:subfield>
  </ns0:datafield>
  <ns0:datafield tag="999" ind1=" " ind2=" ">
    <ns0:subfield code="a">vwt20250516</ns0:subfield>
    <ns0:subfield code="b">20250516</ns0:subfield>
    <ns0:subfield code="c">t</ns0:subfield>
  </ns0:datafield>
</ns0:record>