

<ns0:record xmlns:ns0="http://www.loc.gov/MARC21/slim">
  <ns0:controlfield tag="000">00000nam a2200025#a ||||</ns0:controlfield>
  <ns0:controlfield tag="001">4027346</ns0:controlfield>
  <ns0:controlfield tag="005">20250609144548.0</ns0:controlfield>
  <ns0:datafield tag="029" ind1=" " ind2=" ">
    <ns0:subfield code="a">JN</ns0:subfield>
    <ns0:subfield code="b">N2322078 E</ns0:subfield>
  </ns0:datafield>
  <ns0:datafield tag="035" ind1=" " ind2=" ">
    <ns0:subfield code="a">(DHL)1388688</ns0:subfield>
  </ns0:datafield>
  <ns0:datafield tag="039" ind1=" " ind2=" ">
    <ns0:subfield code="a">DHU</ns0:subfield>
  </ns0:datafield>
  <ns0:datafield tag="040" ind1=" " ind2=" ">
    <ns0:subfield code="a">NNUN</ns0:subfield>
    <ns0:subfield code="b">eng</ns0:subfield>
  </ns0:datafield>
  <ns0:datafield tag="041" ind1="0" ind2=" ">
    <ns0:subfield code="a">eng</ns0:subfield>
  </ns0:datafield>
  <ns0:datafield tag="049" ind1=" " ind2=" ">
    <ns0:subfield code="a">usa</ns0:subfield>
  </ns0:datafield>
  <ns0:datafield tag="089" ind1=" " ind2=" ">
    <ns0:subfield code="b">B19</ns0:subfield>
  </ns0:datafield>
  <ns0:datafield tag="091" ind1=" " ind2=" ">
    <ns0:subfield code="a">LTD</ns0:subfield>
  </ns0:datafield>
  <ns0:datafield tag="099" ind1=" " ind2=" ">
    <ns0:subfield code="a">UNH</ns0:subfield>
    <ns0:subfield code="b">DHU</ns0:subfield>
  </ns0:datafield>
  <ns0:datafield tag="191" ind1=" " ind2=" ">
    <ns0:subfield code="a">A/C.3/78/L.71</ns0:subfield>
    <ns0:subfield code="b">A/</ns0:subfield>
    <ns0:subfield code="c">78</ns0:subfield>
    <ns0:subfield code="9">G01</ns0:subfield>
    <ns0:subfield code="0">(DHLAUTH)933608</ns0:subfield>
  </ns0:datafield>
  <ns0:datafield tag="245" ind1="1" ind2="4">
    <ns0:subfield code="a">A global call for concrete action for the elimination of racism, racial discrimination, xenophobia and related intolerance and the comprehensive implementation of and follow-up to the Durban Declaration and Programme of Action : programme budget implications of draft resolution A/C.3/78/L.60/Rev.1 :</ns0:subfield>
    <ns0:subfield code="b">statement /</ns0:subfield>
    <ns0:subfield code="c">submitted by the Secretary-General in accordance with rule 153 of the rules of procedure of the General Assembly</ns0:subfield>
  </ns0:datafield>
  <ns0:datafield tag="260" ind1=" " ind2=" ">
    <ns0:subfield code="a">[New York] :</ns0:subfield>
    <ns0:subfield code="b">UN,</ns0:subfield>
    <ns0:subfield code="c">13 Nov. 2023</ns0:subfield>
  </ns0:datafield>
  <ns0:datafield tag="269" ind1=" " ind2=" ">
    <ns0:subfield code="a">2023-11-13</ns0:subfield>
  </ns0:datafield>
  <ns0:datafield tag="300" ind1=" " ind2=" ">
    <ns0:subfield code="a">5 p. :</ns0:subfield>
    <ns0:subfield code="b">tables</ns0:subfield>
  </ns0:datafield>
  <ns0:datafield tag="610" ind1="2" ind2="7">
    <ns0:subfield code="2">unbisn</ns0:subfield>
    <ns0:subfield code="a">UN. Permanent Forum on People of African Descent</ns0:subfield>
    <ns0:subfield code="0">(DHLAUTH)895768</ns0:subfield>
  </ns0:datafield>
  <ns0:datafield tag="610" ind1="2" ind2="7">
    <ns0:subfield code="2">unbisn</ns0:subfield>
    <ns0:subfield code="a">UN. Human Rights Council. Intergovernmental Working Group on the Effective Implementation of the Durban Declaration and Programme of Action</ns0:subfield>
    <ns0:subfield code="0">(DHLAUTH)711113</ns0:subfield>
  </ns0:datafield>
  <ns0:datafield tag="630" ind1="0" ind2="7">
    <ns0:subfield code="a">International Decade for People of African Descent (2025-2034)</ns0:subfield>
    <ns0:subfield code="2">unbisn</ns0:subfield>
    <ns0:subfield code="0">(DHLAUTH)937884</ns0:subfield>
  </ns0:datafield>
  <ns0:datafield tag="630" ind1="0" ind2="7">
    <ns0:subfield code="a">UN Declaration on the Respect, Protection and Fulfilment of the Human Rights of People of African Descent (Draft)</ns0:subfield>
    <ns0:subfield code="2">unbisn</ns0:subfield>
    <ns0:subfield code="0">(DHLAUTH)925460</ns0:subfield>
  </ns0:datafield>
  <ns0:datafield tag="650" ind1=" " ind2=" ">
    <ns0:subfield code="a">FINANCIAL IMPLICATIONS</ns0:subfield>
    <ns0:subfield code="0">(DHLAUTH)275769</ns0:subfield>
  </ns0:datafield>
  <ns0:datafield tag="650" ind1="1" ind2="7">
    <ns0:subfield code="a">RACIAL DISCRIMINATION</ns0:subfield>
    <ns0:subfield code="2">unbist</ns0:subfield>
    <ns0:subfield code="0">(DHLAUTH)268993</ns0:subfield>
  </ns0:datafield>
  <ns0:datafield tag="650" ind1="1" ind2="7">
    <ns0:subfield code="a">XENOPHOBIA</ns0:subfield>
    <ns0:subfield code="2">unbist</ns0:subfield>
    <ns0:subfield code="0">(DHLAUTH)274434</ns0:subfield>
  </ns0:datafield>
  <ns0:datafield tag="650" ind1="1" ind2="7">
    <ns0:subfield code="a">ANTI-DISCRIMINATION MEASURES</ns0:subfield>
    <ns0:subfield code="2">unbist</ns0:subfield>
    <ns0:subfield code="0">(DHLAUTH)610794</ns0:subfield>
  </ns0:datafield>
  <ns0:datafield tag="650" ind1="1" ind2="7">
    <ns0:subfield code="a">PEOPLE OF AFRICAN DESCENT</ns0:subfield>
    <ns0:subfield code="2">unbist</ns0:subfield>
    <ns0:subfield code="0">(DHLAUTH)268256</ns0:subfield>
  </ns0:datafield>
  <ns0:datafield tag="650" ind1=" " ind2=" ">
    <ns0:subfield code="a">INTERNATIONAL DECADES</ns0:subfield>
    <ns0:subfield code="0">(DHLAUTH)268661</ns0:subfield>
  </ns0:datafield>
  <ns0:datafield tag="650" ind1=" " ind2=" ">
    <ns0:subfield code="a">CONFERENCE AND MEETING SERVICES</ns0:subfield>
    <ns0:subfield code="0">(DHLAUTH)274839</ns0:subfield>
  </ns0:datafield>
  <ns0:datafield tag="650" ind1=" " ind2=" ">
    <ns0:subfield code="a">STAFFING</ns0:subfield>
    <ns0:subfield code="0">(DHLAUTH)272050</ns0:subfield>
  </ns0:datafield>
  <ns0:datafield tag="710" ind1="2" ind2=" ">
    <ns0:subfield code="a">UN. Secretary-General</ns0:subfield>
    <ns0:subfield code="0">(DHLAUTH)10663</ns0:subfield>
  </ns0:datafield>
  <ns0:datafield tag="793" ind1=" " ind2=" ">
    <ns0:subfield code="a">03</ns0:subfield>
  </ns0:datafield>
  <ns0:datafield tag="856" ind1="4" ind2=" ">
    <ns0:subfield code="y">العربية</ns0:subfield>
    <ns0:subfield code="9">974c31a7-7c8b-4bac-a469-1d13e161a425</ns0:subfield>
    <ns0:subfield code="s">351131</ns0:subfield>
    <ns0:subfield code="u">https://digitallibrary.un.org/record/4027346/files/A_C.3_78_L.71-AR.pdf</ns0:subfield>
  </ns0:datafield>
  <ns0:datafield tag="856" ind1="4" ind2=" ">
    <ns0:subfield code="y">中文</ns0:subfield>
    <ns0:subfield code="9">0f2dd76e-ba38-49a0-bfab-bf1eaa095331</ns0:subfield>
    <ns0:subfield code="s">351865</ns0:subfield>
    <ns0:subfield code="u">https://digitallibrary.un.org/record/4027346/files/A_C.3_78_L.71-ZH.pdf</ns0:subfield>
  </ns0:datafield>
  <ns0:datafield tag="856" ind1="4" ind2=" ">
    <ns0:subfield code="y">English</ns0:subfield>
    <ns0:subfield code="9">5fb1adb0-6db9-4227-9d52-f8c8a8fd6016</ns0:subfield>
    <ns0:subfield code="s">221089</ns0:subfield>
    <ns0:subfield code="u">https://digitallibrary.un.org/record/4027346/files/A_C.3_78_L.71-EN.pdf</ns0:subfield>
  </ns0:datafield>
  <ns0:datafield tag="856" ind1="4" ind2=" ">
    <ns0:subfield code="y">Français</ns0:subfield>
    <ns0:subfield code="9">de2e6489-bb91-4b15-bdf1-9b25d783388b</ns0:subfield>
    <ns0:subfield code="s">236488</ns0:subfield>
    <ns0:subfield code="u">https://digitallibrary.un.org/record/4027346/files/A_C.3_78_L.71-FR.pdf</ns0:subfield>
  </ns0:datafield>
  <ns0:datafield tag="856" ind1="4" ind2=" ">
    <ns0:subfield code="y">Русский</ns0:subfield>
    <ns0:subfield code="9">8632cd15-219b-489b-a991-544eae2b0207</ns0:subfield>
    <ns0:subfield code="s">248836</ns0:subfield>
    <ns0:subfield code="u">https://digitallibrary.un.org/record/4027346/files/A_C.3_78_L.71-RU.pdf</ns0:subfield>
  </ns0:datafield>
  <ns0:datafield tag="856" ind1="4" ind2=" ">
    <ns0:subfield code="y">Español</ns0:subfield>
    <ns0:subfield code="9">40ad2f71-28e8-4789-8917-d9d65cde24c8</ns0:subfield>
    <ns0:subfield code="s">226524</ns0:subfield>
    <ns0:subfield code="u">https://digitallibrary.un.org/record/4027346/files/A_C.3_78_L.71-ES.pdf</ns0:subfield>
  </ns0:datafield>
  <ns0:datafield tag="930" ind1=" " ind2=" ">
    <ns0:subfield code="a">UNDNO23</ns0:subfield>
  </ns0:datafield>
  <ns0:datafield tag="980" ind1=" " ind2=" ">
    <ns0:subfield code="a">BIB</ns0:subfield>
  </ns0:datafield>
  <ns0:datafield tag="981" ind1=" " ind2=" ">
    <ns0:subfield code="a">General Assembly</ns0:subfield>
    <ns0:subfield code="b">3rd Committee</ns0:subfield>
  </ns0:datafield>
  <ns0:datafield tag="989" ind1=" " ind2=" ">
    <ns0:subfield code="a">Documents and Publications</ns0:subfield>
  </ns0:datafield>
  <ns0:datafield tag="991" ind1="1" ind2=" ">
    <ns0:subfield code="a">A/78/251</ns0:subfield>
    <ns0:subfield code="b">134</ns0:subfield>
    <ns0:subfield code="c">Proposed programme budget for 2024.</ns0:subfield>
    <ns0:subfield code="d">UN--BUDGET (2024)</ns0:subfield>
    <ns0:subfield code="z">I</ns0:subfield>
    <ns0:subfield code="0">(DHLAUTH)935181</ns0:subfield>
  </ns0:datafield>
  <ns0:datafield tag="991" ind1="1" ind2=" ">
    <ns0:subfield code="a">A/78/251</ns0:subfield>
    <ns0:subfield code="b">69b</ns0:subfield>
    <ns0:subfield code="c">Comprehensive implementation of and follow-up to the Durban Declaration and Programme of Action.</ns0:subfield>
    <ns0:subfield code="d">RACIAL DISCRIMINATION--PROGRAMMES OF ACTION</ns0:subfield>
    <ns0:subfield code="z">I</ns0:subfield>
    <ns0:subfield code="0">(DHLAUTH)934951</ns0:subfield>
  </ns0:datafield>
  <ns0:datafield tag="999" ind1=" " ind2=" ">
    <ns0:subfield code="a">mmq20231116</ns0:subfield>
    <ns0:subfield code="b">20231116</ns0:subfield>
    <ns0:subfield code="c">q</ns0:subfield>
  </ns0:datafield>
  <ns0:datafield tag="999" ind1=" " ind2=" ">
    <ns0:subfield code="a">vvc20231116</ns0:subfield>
    <ns0:subfield code="b">20231116</ns0:subfield>
    <ns0:subfield code="c">c</ns0:subfield>
  </ns0:datafield>
  <ns0:datafield tag="999" ind1=" " ind2=" ">
    <ns0:subfield code="a">vwt20250516</ns0:subfield>
    <ns0:subfield code="b">20250516</ns0:subfield>
    <ns0:subfield code="c">t</ns0:subfield>
  </ns0:datafield>
</ns0:record>