

<ns0:record xmlns:ns0="http://www.loc.gov/MARC21/slim">
  <ns0:controlfield tag="000">00000nam a2200025#a ||||</ns0:controlfield>
  <ns0:controlfield tag="001">4026541</ns0:controlfield>
  <ns0:controlfield tag="005">20250516162433.0</ns0:controlfield>
  <ns0:datafield tag="029" ind1=" " ind2=" ">
    <ns0:subfield code="a">JN</ns0:subfield>
    <ns0:subfield code="b">N2321156 E</ns0:subfield>
  </ns0:datafield>
  <ns0:datafield tag="035" ind1=" " ind2=" ">
    <ns0:subfield code="a">(DHL)1387922</ns0:subfield>
  </ns0:datafield>
  <ns0:datafield tag="039" ind1=" " ind2=" ">
    <ns0:subfield code="a">DHU</ns0:subfield>
  </ns0:datafield>
  <ns0:datafield tag="040" ind1=" " ind2=" ">
    <ns0:subfield code="a">NNUN</ns0:subfield>
    <ns0:subfield code="b">eng</ns0:subfield>
  </ns0:datafield>
  <ns0:datafield tag="041" ind1="0" ind2=" ">
    <ns0:subfield code="a">eng</ns0:subfield>
  </ns0:datafield>
  <ns0:datafield tag="049" ind1=" " ind2=" ">
    <ns0:subfield code="a">usa</ns0:subfield>
  </ns0:datafield>
  <ns0:datafield tag="089" ind1=" " ind2=" ">
    <ns0:subfield code="b">B02</ns0:subfield>
  </ns0:datafield>
  <ns0:datafield tag="091" ind1=" " ind2=" ">
    <ns0:subfield code="a">LTD</ns0:subfield>
  </ns0:datafield>
  <ns0:datafield tag="099" ind1=" " ind2=" ">
    <ns0:subfield code="a">UNH</ns0:subfield>
    <ns0:subfield code="b">DHU</ns0:subfield>
  </ns0:datafield>
  <ns0:datafield tag="191" ind1=" " ind2=" ">
    <ns0:subfield code="a">A/C.3/78/L.52</ns0:subfield>
    <ns0:subfield code="b">A/</ns0:subfield>
    <ns0:subfield code="c">78</ns0:subfield>
    <ns0:subfield code="9">G10</ns0:subfield>
    <ns0:subfield code="0">(DHLAUTH)933608</ns0:subfield>
  </ns0:datafield>
  <ns0:datafield tag="245" ind1="1" ind2="0">
    <ns0:subfield code="a">Protection of migrants :</ns0:subfield>
    <ns0:subfield code="b">draft resolution /</ns0:subfield>
    <ns0:subfield code="c">Armenia, Colombia, Haiti, Honduras, Mexico, North Macedonia and Portugal</ns0:subfield>
  </ns0:datafield>
  <ns0:datafield tag="260" ind1=" " ind2=" ">
    <ns0:subfield code="a">[New York] :</ns0:subfield>
    <ns0:subfield code="b">UN,</ns0:subfield>
    <ns0:subfield code="c">31 Oct. 2023</ns0:subfield>
  </ns0:datafield>
  <ns0:datafield tag="269" ind1=" " ind2=" ">
    <ns0:subfield code="a">2023-10-31</ns0:subfield>
  </ns0:datafield>
  <ns0:datafield tag="300" ind1=" " ind2=" ">
    <ns0:subfield code="a">16 p.</ns0:subfield>
  </ns0:datafield>
  <ns0:datafield tag="630" ind1="0" ind2="7">
    <ns0:subfield code="a">International Convention on the Protection of the Rights of All Migrant Workers and Members of Their Families (1990)</ns0:subfield>
    <ns0:subfield code="2">unbisn</ns0:subfield>
    <ns0:subfield code="0">(DHLAUTH)48244</ns0:subfield>
  </ns0:datafield>
  <ns0:datafield tag="650" ind1="1" ind2="7">
    <ns0:subfield code="a">MIGRANTS</ns0:subfield>
    <ns0:subfield code="2">unbist</ns0:subfield>
    <ns0:subfield code="0">(DHLAUTH)273097</ns0:subfield>
  </ns0:datafield>
  <ns0:datafield tag="650" ind1="1" ind2="7">
    <ns0:subfield code="a">HUMAN RIGHTS</ns0:subfield>
    <ns0:subfield code="2">unbist</ns0:subfield>
    <ns0:subfield code="0">(DHLAUTH)274431</ns0:subfield>
  </ns0:datafield>
  <ns0:datafield tag="650" ind1="1" ind2="7">
    <ns0:subfield code="a">HUMAN RIGHTS ADVANCEMENT</ns0:subfield>
    <ns0:subfield code="2">unbist</ns0:subfield>
    <ns0:subfield code="0">(DHLAUTH)274478</ns0:subfield>
  </ns0:datafield>
  <ns0:datafield tag="650" ind1="1" ind2="7">
    <ns0:subfield code="a">MIGRANT WORKERS</ns0:subfield>
    <ns0:subfield code="2">unbist</ns0:subfield>
    <ns0:subfield code="0">(DHLAUTH)274223</ns0:subfield>
  </ns0:datafield>
  <ns0:datafield tag="650" ind1="1" ind2="7">
    <ns0:subfield code="a">MIGRATION POLICY</ns0:subfield>
    <ns0:subfield code="2">unbist</ns0:subfield>
    <ns0:subfield code="0">(DHLAUTH)273044</ns0:subfield>
  </ns0:datafield>
  <ns0:datafield tag="650" ind1="1" ind2="7">
    <ns0:subfield code="a">TRAFFICKING IN PERSONS</ns0:subfield>
    <ns0:subfield code="2">unbist</ns0:subfield>
    <ns0:subfield code="0">(DHLAUTH)610025</ns0:subfield>
  </ns0:datafield>
  <ns0:datafield tag="710" ind1="2" ind2=" ">
    <ns0:subfield code="a">Armenia</ns0:subfield>
    <ns0:subfield code="0">(DHLAUTH)198887</ns0:subfield>
  </ns0:datafield>
  <ns0:datafield tag="710" ind1=" " ind2=" ">
    <ns0:subfield code="a">Colombia</ns0:subfield>
    <ns0:subfield code="9">ms</ns0:subfield>
    <ns0:subfield code="0">(DHLAUTH)72097</ns0:subfield>
  </ns0:datafield>
  <ns0:datafield tag="710" ind1=" " ind2=" ">
    <ns0:subfield code="a">Haiti</ns0:subfield>
    <ns0:subfield code="9">ms</ns0:subfield>
    <ns0:subfield code="0">(DHLAUTH)72289</ns0:subfield>
  </ns0:datafield>
  <ns0:datafield tag="710" ind1="2" ind2=" ">
    <ns0:subfield code="a">Honduras</ns0:subfield>
    <ns0:subfield code="0">(DHLAUTH)39711</ns0:subfield>
  </ns0:datafield>
  <ns0:datafield tag="710" ind1="2" ind2=" ">
    <ns0:subfield code="a">Mexico</ns0:subfield>
    <ns0:subfield code="0">(DHLAUTH)72583</ns0:subfield>
  </ns0:datafield>
  <ns0:datafield tag="710" ind1=" " ind2=" ">
    <ns0:subfield code="a">North Macedonia</ns0:subfield>
    <ns0:subfield code="9">ms</ns0:subfield>
    <ns0:subfield code="0">(DHLAUTH)898082</ns0:subfield>
  </ns0:datafield>
  <ns0:datafield tag="710" ind1=" " ind2=" ">
    <ns0:subfield code="a">Portugal</ns0:subfield>
    <ns0:subfield code="9">ms</ns0:subfield>
    <ns0:subfield code="0">(DHLAUTH)40035</ns0:subfield>
  </ns0:datafield>
  <ns0:datafield tag="793" ind1=" " ind2=" ">
    <ns0:subfield code="a">03</ns0:subfield>
  </ns0:datafield>
  <ns0:datafield tag="856" ind1="4" ind2=" ">
    <ns0:subfield code="y">العربية</ns0:subfield>
    <ns0:subfield code="9">0c084db6-48ce-4dbc-a053-f8bf6d58e3e2</ns0:subfield>
    <ns0:subfield code="s">662461</ns0:subfield>
    <ns0:subfield code="u">https://digitallibrary.un.org/record/4026541/files/A_C.3_78_L.52-AR.pdf</ns0:subfield>
  </ns0:datafield>
  <ns0:datafield tag="856" ind1="4" ind2=" ">
    <ns0:subfield code="y">中文</ns0:subfield>
    <ns0:subfield code="9">b47ed05b-b801-4bde-b70c-cd0161e7815b</ns0:subfield>
    <ns0:subfield code="s">522678</ns0:subfield>
    <ns0:subfield code="u">https://digitallibrary.un.org/record/4026541/files/A_C.3_78_L.52-ZH.pdf</ns0:subfield>
  </ns0:datafield>
  <ns0:datafield tag="856" ind1="4" ind2=" ">
    <ns0:subfield code="y">English</ns0:subfield>
    <ns0:subfield code="9">2277d763-4fee-46c7-b902-e1784048a4e6</ns0:subfield>
    <ns0:subfield code="s">339752</ns0:subfield>
    <ns0:subfield code="u">https://digitallibrary.un.org/record/4026541/files/A_C.3_78_L.52-EN.pdf</ns0:subfield>
  </ns0:datafield>
  <ns0:datafield tag="856" ind1="4" ind2=" ">
    <ns0:subfield code="y">Français</ns0:subfield>
    <ns0:subfield code="9">fdb27845-917e-4074-aa1d-a1ef964a87f8</ns0:subfield>
    <ns0:subfield code="s">373575</ns0:subfield>
    <ns0:subfield code="u">https://digitallibrary.un.org/record/4026541/files/A_C.3_78_L.52-FR.pdf</ns0:subfield>
  </ns0:datafield>
  <ns0:datafield tag="856" ind1="4" ind2=" ">
    <ns0:subfield code="y">Русский</ns0:subfield>
    <ns0:subfield code="9">3a053ff5-49ce-46d9-baba-a755806f5b01</ns0:subfield>
    <ns0:subfield code="s">380581</ns0:subfield>
    <ns0:subfield code="u">https://digitallibrary.un.org/record/4026541/files/A_C.3_78_L.52-RU.pdf</ns0:subfield>
  </ns0:datafield>
  <ns0:datafield tag="856" ind1="4" ind2=" ">
    <ns0:subfield code="y">Español</ns0:subfield>
    <ns0:subfield code="9">2b3f96f9-50f7-45ab-ace3-d8f91355c6f7</ns0:subfield>
    <ns0:subfield code="s">338937</ns0:subfield>
    <ns0:subfield code="u">https://digitallibrary.un.org/record/4026541/files/A_C.3_78_L.52-ES.pdf</ns0:subfield>
  </ns0:datafield>
  <ns0:datafield tag="930" ind1=" " ind2=" ">
    <ns0:subfield code="a">UNDNO23</ns0:subfield>
  </ns0:datafield>
  <ns0:datafield tag="980" ind1=" " ind2=" ">
    <ns0:subfield code="a">BIB</ns0:subfield>
  </ns0:datafield>
  <ns0:datafield tag="981" ind1=" " ind2=" ">
    <ns0:subfield code="a">General Assembly</ns0:subfield>
    <ns0:subfield code="b">3rd Committee</ns0:subfield>
  </ns0:datafield>
  <ns0:datafield tag="989" ind1=" " ind2=" ">
    <ns0:subfield code="a">Documents and Publications</ns0:subfield>
    <ns0:subfield code="b">Draft Resolutions and Decisions</ns0:subfield>
  </ns0:datafield>
  <ns0:datafield tag="991" ind1="1" ind2=" ">
    <ns0:subfield code="a">A/78/251</ns0:subfield>
    <ns0:subfield code="b">71b</ns0:subfield>
    <ns0:subfield code="c">Human rights questions, including alternative approaches for improving the effective enjoyment of human rights and fundamental freedoms.</ns0:subfield>
    <ns0:subfield code="d">HUMAN RIGHTS ADVANCEMENT</ns0:subfield>
    <ns0:subfield code="0">(DHLAUTH)934963</ns0:subfield>
  </ns0:datafield>
  <ns0:datafield tag="991" ind1="1" ind2=" ">
    <ns0:subfield code="a">A/78/251</ns0:subfield>
    <ns0:subfield code="b">71b[10]</ns0:subfield>
    <ns0:subfield code="d">MIGRANTS--PROTECTION</ns0:subfield>
    <ns0:subfield code="z">I</ns0:subfield>
    <ns0:subfield code="0">(DHLAUTH)934965</ns0:subfield>
  </ns0:datafield>
  <ns0:datafield tag="999" ind1=" " ind2=" ">
    <ns0:subfield code="a">pnq20231107</ns0:subfield>
    <ns0:subfield code="b">20231107</ns0:subfield>
    <ns0:subfield code="c">q</ns0:subfield>
  </ns0:datafield>
  <ns0:datafield tag="999" ind1=" " ind2=" ">
    <ns0:subfield code="a">vvc20231109</ns0:subfield>
    <ns0:subfield code="b">20231109</ns0:subfield>
    <ns0:subfield code="c">c</ns0:subfield>
  </ns0:datafield>
  <ns0:datafield tag="999" ind1=" " ind2=" ">
    <ns0:subfield code="a">vwt20250516</ns0:subfield>
    <ns0:subfield code="b">20250516</ns0:subfield>
    <ns0:subfield code="c">t</ns0:subfield>
  </ns0:datafield>
</ns0:record>